3176 4886
782 261 823 322 24

722 349 876 358 ῃ*-
902 345 905 350 ·

237 457 240 466 ⁴
280 453 383 520 snpra
416 435 553 498 uberius
583 433 709 498 dietum
739 452 827 516 παυς
858 439 891 497 εί
921 434 1078 496 nimirum
1105 452 1158 496 res
1181 435 1230 514 iia
1253 454 1323 499 sese

280 545 395 628 habet,
418 563 492 607 cuin
516 545 551 606 in
575 563 621 609 συ.
643 545 684 606 67
705 549 737 608 εί
759 545 801 607 68
816 545 868 608 LI
891 548 1005 607 narret
1026 543 1221 629 Ηθευύοίυε,
1238 545 1324 608 Ana-

280 652 445 716 xandride
467 658 629 736 regnante
651 653 935 718 Lacedaemonios
958 655 1114 736 Tegeatis
1136 656 1323 735 superiores

281 763 384 824 iactos
407 779 488 824 esse.

386 872 437 934 20.
482 867 596 934 Verba
626 889 715 953 quae
738 875 812 934 suni
838 873 871 934 in
895 891 921 935 c.
945 872 985 934 52
1009 873 1029 936 l.
1053 873 1091 957 V,
1122 874 1181 937 ubi
1203 873 1244 937 de
1267 873 1323 935 ssu-

281 981 428 1044 minibus
450 982 483 1042 in
500 981 649 1044 Matiana
672 981 848 1044 fluentibus
872 998 980 1044 sermo
1004 986 1068 1045 est:
1093 979 1162 1046 δδὲ
1176 981 1323 1067 τέταρτος

280 1097 341 1153 τῶν
366 1095 517 1172 ποταμῶν
547 1089 668 1171 ούνομα
699 1089 766 1175 ἔχει
796 1086 926 1173 Γύνδης,
956 1090 1032 1152 τδν
1063 1088 1213 1175 Κῦρος
1244 1091 1324 1156 διέ-

280 1196 393 1283 λαβέ
423 1215 532 1260 ποτε
562 1195 866 1285 ἐςδιύιρυχας
890 1197 1323 1284 ἑξήκοντατριήκο-

201 1297 204 1304 ’
280 1305 353 1370 σία
367 1328 401 1386 ς,
425 1306 680 1389 spectanthaud
697 1307 800 1372 dubie
823 1309 867 1373 ad
893 1310 976 1372 haee
999 1327 1086 1391 quae
1108 1311 1267 1391 leguntur
1290 1314 1323 1374 in

281 1436 307 1480 e.
330 1417 392 1479 189
417 1417 436 1479 l.
459 1416 491 1478 I:
524 1417 603 1499 μετὰ
627 1415 662 1481 δὲ
684 1419 741 1500 τήν
766 1417 900 1502 ἀπειλήν
925 1422 982 1498 (se.
1005 1421 1059 1483 τὸν
1083 1416 1204 1503 Γύνδην
1228 1441 1323 1484 ποτα-

281 1527 338 1610 μδν
372 1527 453 1589 ούτω
488 1523 528 1608 δή
561 1524 701 1590 ἀσθενέα
736 1527 877 1612 ποιήσειν
915 1529 997 1592 ὥστε
1030 1536 1086 1592 τού
1120 1527 1235 1593 λοιποῦ
1268 1530 1323 1592 καί

279 1635 434 1720 γυναῖκάς
465 1654 514 1718 μιν
542 1633 698 1712 εὐπετέως
728 1637 764 1697 τὸ
788 1636 866 1721 γύνυ
899 1638 936 1700 ού
968 1636 1147 1724 βρεχούσας
1178 1637 1322 1724 διαβήσε-

280 1743 373 1825 σθαι)
407 1743 507 1828 μετεὶς
531 1746 587 1826 τήν
617 1743 669 1807 ἐπὶ
691 1742 872 1828 Βαβυλῶνα
903 1746 1086 1828 στράτευσιν
1116 1744 1232 1827 διαίρεε
1263 1747 1321 1822 (sc.

280 1854 402 1940 Κύρος)
431 1857 488 1940 τήν
512 1856 659 1939 στρατιήν
684 1853 767 1941 δίχα,
801 1854 914 1918 διελὼν
947 1853 982 1918 δέ
1004 1853 1173 1932 κατέτεινε,
1197 1872 1319 1944 σχοινο-

280 1965 388 2044 τενέας
419 1964 575 2044 ὑποδέξας
605 1964 766 2051 διώρυχας
797 1962 985 2050 ὀγδώκοντα
1015 1964 1071 2027 καὶ
1101 1963 1216 2027 ἑκατδν
1245 1961 1321 2046 παρ’

283 2073 434 2160 ἑκάτερον
458 2077 493 2140 τὸ
525 2074 635 2162 χεῖλος
657 2080 722 2138 τού
738 2072 864 2138 Γύνδεω
888 2073 1104 2160 τετραμμένας
1127 2073 1231 2137 πάντα
1253 2071 1321 2155 τρύ-

280 2204 351 2266 πον,
375 2184 525 2263 διατάξας
549 2183 584 2248 δὲ
605 2185 659 2248 τὸν
685 2187 818 2270 στρατὸν
842 2184 988 2270 ὀρύσσειν
1013 2183 1154 2248 ἐκέλευε.

384 2293 435 2359 21.
473 2295 665 2360 Herodotus
689 2302 867 2379 postquam
890 2297 989 2360 Jones
1013 2317 1033 2358 a
1056 2293 1143 2376 Cyro
1166 2295 1322 2358 subactos

282 2425 353 2470 esse
383 2406 541 2487 narravit,
573 2405 662 2488 qnod
693 2405 786 2468 addit
816 2409 850 2469 in
880 2426 905 2469 υ.
925 2405 999 2469 ’169
1031 2407 1050 2470 l.
1073 2406 1089 2468 1
1113 2407 1210 2468 haee:
1239 2405 1320 2466 ούτω

281 2513 320 2598 δή
359 2515 406 2577 τδ
444 2510 668 2597 δεύτερον
704 2511 852 2597 Ἰωνίή
891 2512 1206 2591 ἐδεδούλωτο,
1253 2515 1322 2576 sine

281 2625 383 2689 dubio
406 2629 535 2708 spectat
558 2629 591 2686 et
613 2643 685 2708 cap.
706 2626 726 2688 6
750 2626 770 2688 l.
791 2624 816 2708 Ι,
846 2626 906 2688 nbi
936 2644 1012 2688 enm
1044 2625 1112 2688 alia
1143 2629 1214 2688 tum
1239 2625 1323 2687 haee

280 2733 438 2815 legimus:
476 2729 613 2815 Κροῖσος
649 2731 824 2819 βαρβάρων
853 2741 978 2816 πρῶτος
1011 2740 1073 2796 τῶν
1107 2731 1199 2816 ἡμεῖς
1233 2730 1321 2815 ἴδμεν

280 2843 353 2918 τούς
384 2841 439 2925 μέν
470 2840 710 2925 κατεστρέψατο
741 2839 907 2926 Ἑλλήνων
940 2843 971 2916 ἐς
1002 2842 1102 2926 φόρου
1134 2841 1323 2926 ἀπαγωγήν,

231 3011 236 3021 ,
279 2953 352 3028 τοὺς
375 2949 411 3015 δὲ
434 2949 545 3035 φίλους
567 2950 835 3035 προσεποιήσατο·
863 2948 1103 3036 κατεστρέψατο
1129 2953 1184 3036 μὲν
1207 2950 1321 3028 Ἴωνάς

280 3082 315 3125 τε
338 3063 392 3125 καὶ
412 3059 550 3137 Αἰολέας
573 3061 628 3124 καί
650 3060 789 3145 Δωριέας
811 3063 884 3138 τοὺς
906 3062 939 3125 ’ἐν
961 3070 1000 3146 τῇ
1022 3061 1129 3148 Ἀσίῃ,
1153 3060 1265 3145 φίλους
1289 3060 1323 3124 δέ

281 3171 540 3256 προσεποιήσατο
563 3170 846 3255 Λακεδαιμονίους.
878 3174 941 3256 πρὸ
965 3171 1001 3234 δὲ
1023 3181 1078 3257 τῆς
1104 3171 1246 3256 Κροίσου
1270 3172 1323 3253 ἀρ-

281 3289 342 3367 χῆς
365 3281 480 3358 πάντες
503 3279 661 3365 Ἕλληνες
685 3281 768 3365 ήσαν
793 3279 971 3365 ἐλεύθεροι,
995 3287 1026 3344 et
1051 3301 1077 3345 e.
1100 3283 1142 3344 26
1166 3283 1185 3344 l.
1209 3282 1234 3359 Ι,
1266 3282 1323 3344 ubi

281 3394 404 3474 scripta
425 3397 501 3454 sunt
525 3394 622 3456 haee:
650 3390 815 3469 ἐξεδέξατο
837 3394 893 3476 τήν
918 3391 1083 3478 βασιληίην
1107 3389 1321 3473 Κροῖσος...

283 3501 317 3578 ὃς
341 3499 380 3584 δή
397 3498 562 3584 Ἑλλήνων
578 3498 732 3582 πρώτοισι
749 3500 934 3584 ἐπεθήκατο
958 3499 1133 3584 Ἐφεσίοισι
1156 3546 1189 3563 ..
1208 3547 1215 3562 .
1238 3498 1322 3583 πρύ-

282 3632 362 3675 τοισι
393 3609 512 3694 μὲνδὴ
535 3609 672 3680 τούτοισι
695 3610 884 3697 ἐπεχείρησε
908 3611 924 3672 δ
948 3609 1098 3694 Κροῖσος,
1129 3611 1208 3692 μετὰ
1232 3607 1267 3671 δέ
1291 3609 1323 3673 ἐν

283 3719 373 3806 μέρεϊ
400 3718 562 3784 ἑκάστοισι
591 3717 774 3784 Ἰώνιυντε
804 3723 859 3784 καί
890 3719 1044 3784 Αἰολέων.
1091 3721 1201 3804 Aiqne
1233 3721 1323 3784 idem

283 3831 378 3896 nobis
401 3832 617 3895 statuendum
641 3836 690 3895 est
713 3832 754 3895 de
778 3833 825 3895 eis
849 3849 935 3915 quae
968 3832 1155 3897 invenimus
1177 3831 1213 3893 in
1236 3851 1261 3895 ο.
1284 3831 1324 3892 32

284 3941 303 4005 l.
329 3939 392 4022 v1;
424 3943 486 4006 hoe
510 3942 598 4005 enim
623 3941 695 4005 loco
718 3939 907 4004 Herodotus
937 3945 1113 4024 postquam
1139 3941 1237 4003 Jnnes
1261 3941 1326 4002 Da·
1420 3979 1422 3984 ,
