3176 4886
730 271 885 369 ...Q-

394 445 444 510 25.
488 443 527 508 ln
551 463 577 508 e.
600 444 641 508 18
664 439 684 507 l‘.
709 445 784 530 VlI,
808 445 866 512 ubi
889 445 1081 509 Artabanus
1104 443 1213 508 Xerxi
1236 442 1323 506 dicit:

290 557 355 643 ἐγὼ
375 603 386 619 ,.
411 601 452 618 ..
484 553 545 618 οὐκ
575 553 636 618 ἔων
668 573 704 616 σε
732 555 773 618 τὰ
803 553 908 620 πάντα
937 562 975 640 τῇ
1005 551 1114 639 ἡλικίῃ
1138 553 1233 618 εἴκειν
1257 600 1265 616 .
1289 597 1330 616 ..

290 662 490 752 μεμνημένος
517 663 572 746 μὲν
602 664 657 726 τὸν
688 663 740 726 ἐπὶ
769 661 982 750 Μασσαγέτας
1011 662 1122 748 Κύρου
1150 661 1265 728 στόλον
1289 661 1332 739 ὡς

288 775 416 862 ἔπρηξε,
447 771 642 860 μεμνημένος
672 771 707 837 δὲ
737 775 792 838 καὶ
821 776 876 864 σὺν
907 773 957 839 ἐπ’
978 773 1138 850 Αἰθίοπας
1165 774 1220 838 τὸν
1243 771 1332 857 Καμ-

291 885 406 972 βύσεω,
438 880 727 966 συστρατευόμενος
758 880 794 946 δὲ
823 883 879 946 καὶ
902 880 1022 968 Δαρείῳ
1052 881 1104 947 ἐπὶ
1127 879 1269 964 Σκύθας,
1299 883 1332 946 iu

292 998 356 1060 hoc
378 995 489 1078 capite
517 993 655 1076 inquam
677 994 743 1058 illis
765 995 877 1059 verbis
900 996 1079 1059 Persarum
1106 992 1333 1082 expeditiones

294 1109 408 1170 eontra
430 1105 636 1188 Massagetas
665 1105 700 1167 iu
723 1122 768 1169 cc.
791 1105 853 1168 205
876 1123 947 1188 sqq.
979 1105 1000 1169 l.
1020 1105 1045 1190 Ι,
1074 1105 1108 1168 in
1131 1123 1176 1168 ac.
1198 1105 1239 1167 17
1262 1123 1333 1188 sqq.

292 1215 312 1278 1.
342 1215 392 1279 llI
423 1217 538 1278 eontra
568 1213 757 1298 Aethiopes,
788 1218 904 1279 contra
936 1215 1077 1297 Scythas
1107 1215 1142 1279 in
1171 1215 1259 1280 libro
1284 1213 1334 1280 IV

292 1323 478 1404 descriptae
508 1326 577 1386 tam
600 1321 722 1385 leviter
746 1327 778 1386 et
805 1325 998 1388 summatim
1020 1328 1167 1388 attactae
1189 1327 1275 1409 suut,
1297 1326 1334 1386 ut

293 1433 481 1499 Herodotus
509 1433 581 1514 ipsc
610 1433 679 1496 iam
702 1451 804 1514 supra
825 1452 882 1498 eas
909 1433 1048 1499 uberius
1071 1435 1239 1519 expositas
1262 1451 1334 1497 essa

296 1561 426 1608 sumere
446 1542 613 1608 videatur.
650 1543 849 1608 Rectissime
863 1544 968 1627 igitur
989 1543 1115 1609 iudicat
1129 1543 1173 1610 H.
1193 1542 1335 1628 Weihrm,

300 1671 375 1716 eum
397 1653 418 1717 l.
439 1673 468 1717 a.
496 1651 594 1716 dicit:
625 1653 659 1716 Si
686 1653 722 1736 je
751 1672 793 1718 ne
815 1653 971 1738 m’abuse‚
1001 1656 1050 1718 les
1080 1654 1160 1719 trois
1187 1653 1334 1717 derniers

295 1761 395 1824 livres
425 1763 568 1826 forment
597 1781 663 1824 une
693 1764 800 1844 partie
828 1761 1018 1846 integrante
1047 1763 1091 1828 de
1113 1763 1269 1828 l’histoire
1291 1761 1334 1824 de

293 1872 443 1957 l’empire
473 1890 602 1954 persen.
652 1873 715 1936 Les
751 1877 871 1957 quatre
900 1876 1062 1958 premiere
1092 1861 1257 1956 chapitrcs
1287 1871 1333 1935 du

293 1983 377 2050 Vlla
398 1983 486 2046 livre
507 1984 710 2046 renferrnent
732 1983 791 2049 des
810 1983 956 2049 dounees
972 1984 1250 2067 chronologiques
1273 1984 1334 2066 qui
1357 2035 1359 2038 .

293 2094 342 2156 las
364 2095 551 2157 rattachent
573 2092 593 2156 a
616 2112 655 2157 ce
677 2096 734 2177 qui
757 2093 905 2178 precede
924 2100 955 2159 et
978 2113 1019 2158 en
1041 2095 1112 2158 font
1133 2095 1166 2158 le
1190 2095 1334 2180 comple-

295 2207 386 2266 meut
420 2202 464 2267 de
501 2203 661 2268 l'histoire
695 2203 738 2268 dc
772 2204 904 2270 Darius.
960 2205 1025 2268 Les
1057 2224 1259 2290 campagnes
1293 2205 1335 2269 de

298 2311 408 2394 Cyrus
432 2315 543 2376 contre
571 2311 619 2374 les
641 2311 855 2398 Massagetes,
888 2312 929 2376 de
955 2311 1125 2396 Cambyse
1154 2317 1265 2377 contre
1287 2313 1336 2376 les

294 2424 441 2507 Scythae,
469 2426 541 2486 sont
570 2421 745 2506 rappelees
776 2442 820 2486 au
846 2424 897 2486 eh.
921 2423 1042 2490 XVIII
1071 2423 1115 2487 de
1144 2423 1336 2488 manierea

293 2535 375 2597 faire
404 2551 565 2617 supposer
594 2552 661 2616 que
691 2533 833 2597 l'euteur
864 2533 913 2598 les
945 2535 1038 2598 avait
1067 2533 1239 2598 reconteea
1261 2532 1334 2614 plus

295 2645 387 2709 haut.
431 2643 522 2708 Nous
545 2660 689 2706 sommas
712 2641 794 2706 dans
816 2643 848 2706 Ie
871 2646 1009 2707 oouraut
1032 2641 1074 2706 de
1097 2642 1254 2706 l’histoirc
1276 2640 1335 2704 des

295 2758 421 2820 Perses.
466 2752 522 2838 Or,
552 2757 638 2816 cette
665 2754 799 2816 histoire
830 2757 897 2816 sert
926 2749 968 2816 de
1002 2754 1182 2835 charpante
1212 2751 1233 2815 a
1263 2755 1335 2815 tout

298 2863 470 2944 i'ouurage
500 2860 712 2929 d’Herodote.
763 2861 926 2926 Similiter
957 2861 1061 2945 idque
1093 2880 1170 2924 mea
1199 2858 1336 2944 quidem

294 2973 459 3037 sententia
481 2974 573 3034 recte
600 2970 725 3034 iudicat
755 2970 794 3059 L,
819 2942 1041 3036 &ethildritae
1070 2973 1106 3050 (l.
1132 2989 1161 3035 a.
1186 2990 1217 3052 p.
1247 2970 1336 3054 280),

296 3083 354 3166 qui
377 3081 475 3146 dicit:
500 3081 660 3164 „historia
676 3081 898 3163 expeditionis
915 3083 1039 3146 Xerxis
1062 3099 1137 3144 oum
1161 3081 1220 3144 toti
1243 3081 1334 3160 operi

297 3191 459 3256 Herodoti
489 3191 587 3274 quasi
617 3191 791 3254 cumulum
822 3191 948 3276 afferat,
983 3208 1047 3255 non
1080 3190 1160 3254 satis
1193 3189 1336 3272 cogitari

297 3305 414 3386 potest,
435 3301 498 3364 nisi
513 3319 566 3364 res
582 3318 603 3364 a
618 3301 728 3364 Persis
751 3304 865 3382 gestae
889 3305 922 3364 et
937 3319 1070 3382 pugnae
1091 3301 1176 3363 iuter
1192 3300 1336 3364 Graecos

295 3415 328 3472 et
350 3411 468 3475 Persas
496 3411 693 3476 commissae
716 3391 784 3474 iam
807 3428 909 3492 supra
933 3411 1124 3474 accuratius
1150 3409 1335 3491 descriptae

295 3524 378 3584 sunt.
422 3520 537 3604 Quare
560 3520 680 3584 animis
709 3519 803 3584 nullo
835 3514 937 3584 modo
967 3521 1123 3604 effingere
1145 3519 1240 3584 nobis
1262 3537 1335 3603 pos-

293 3651 417 3714 sumus,
447 3631 668 3720 rebelliopem
697 3632 818 3695 donum
849 3635 883 3694 et
914 3631 1004 3696 bella
1033 3632 1167 3694 Persica
1189 3629 1335 3712 singulas
1425 3678 1428 3684 .

292 3743 458 3827 historias,
488 3761 576 3826 quae
605 3743 690 3805 inter
712 3760 748 3805 se
770 3745 804 3805 et
834 3760 855 3804 a
878 3742 998 3805 ceteris
1021 3744 1197 3822 separatae
1219 3745 1335 3824 essent,

290 3843 467 3916 effecisse“.
505 3850 660 3934 Namque
675 3852 756 3933 quin
771 3848 963 3913 Herodotus
987 3849 1078 3914 bella
1093 3848 1228 3912 PcrsIca
1243 3864 1336 3910 enar-

291 3966 428 4027 raturus
462 3981 599 4025 oausam
637 3979 771 4045 aarum,
810 3979 900 4042 quae
942 3959 1152 4023 extrinsecus
1191 3961 1337 4041 venerat,
