<?xml version="1.0" encoding="UTF-8"?>
<!DOCTYPE html PUBLIC "-//W3C//DTD XHTML 1.0 Transitional//EN"
    "http://www.w3.org/TR/xhtml1/DTD/xhtml1-transitional.dtd">
<html xmlns="http://www.w3.org/1999/xhtml" xml:lang="en" lang="en">
 <head>
  <title>
</title>
<meta http-equiv="Content-Type" content="text/html;charset=utf-8" />
  <meta name='ocr-system' content='tesseract 3.04.00' />
  <meta name='ocr-capabilities' content='ocr_page ocr_carea ocr_par ocr_line ocrx_word'/>
</head>
<body>
  <div class='ocr_page' id='page_1' title='image "./herodotushalica00ammegoog_0053.png"; bbox 0 0 3176 4886; ppageno 0'>
   <div class='ocr_carea' id='block_1_1' title="bbox 240 141 895 409">
    <p class='ocr_par' dir='ltr' id='par_1_1' title="bbox 240 141 895 409">
     <span class='ocr_line' id='line_1_1' title="bbox 240 141 895 409; baseline 0.011 -37"><span class='ocrx_word' id='word_1_1' title='bbox 240 257 242 264; x_wconf 41' lang='lat'><em>¹</em></span> <span class='ocrx_word' id='word_1_2' title='bbox 375 141 616 409; x_wconf 73' lang='lat' dir='ltr'>tot</span> <span class='ocrx_word' id='word_1_3' title='bbox 669 169 895 398; x_wconf 57' lang='lat' dir='ltr'>sta</span> 
     </span>
    </p>
   </div>
   <div class='ocr_carea' id='block_1_2' title="bbox 189 429 1340 3696">
    <p class='ocr_par' dir='ltr' id='par_1_2' title="bbox 296 429 1336 623">
     <span class='ocr_line' id='line_1_2' title="bbox 298 429 1336 514; baseline 0.003 -22"><span class='ocrx_word' id='word_1_4' title='bbox 298 430 414 514; x_wconf 76' lang='lat' dir='ltr'>dietas,</span> <span class='ocrx_word' id='word_1_5' title='bbox 444 431 502 512; x_wconf 88' lang='lat' dir='ltr'>qui</span> <span class='ocrx_word' id='word_1_6' title='bbox 525 430 708 494; x_wconf 74' lang='lat' dir='ltr'>rectissime</span> <span class='ocrx_word' id='word_1_7' title='bbox 731 429 891 494; x_wconf 87' lang='lat' dir='ltr'>Herodoti</span> <span class='ocrx_word' id='word_1_8' title='bbox 917 448 999 514; x_wconf 88' lang='lat' dir='ltr'>opus</span> <span class='ocrx_word' id='word_1_9' title='bbox 1022 430 1255 514; x_wconf 80' lang='lat' dir='ltr'>imperfectum</span> <span class='ocrx_word' id='word_1_10' title='bbox 1277 432 1336 495; x_wconf 85' lang='lat' dir='ltr'>nos&#39;</span> 
     </span>
     <span class='ocr_line' id='line_1_3' title="bbox 296 538 1335 623; baseline 0.004 -21"><span class='ocrx_word' id='word_1_11' title='bbox 296 541 422 603; x_wconf 88' lang='lat' dir='ltr'>habere</span> <span class='ocrx_word' id='word_1_12' title='bbox 444 538 582 622; x_wconf 81' lang='lat' dir='ltr'>iudicat,</span> <span class='ocrx_word' id='word_1_13' title='bbox 608 539 747 602; x_wconf 88' lang='lat' dir='ltr'>idoneas</span> <span class='ocrx_word' id='word_1_14' title='bbox 777 542 948 623; x_wconf 84' lang='lat' dir='ltr'>iustasque</span> <span class='ocrx_word' id='word_1_15' title='bbox 972 559 1059 622; x_wconf 82' lang='lat' dir='ltr'>esse3</span> <span class='ocrx_word' id='word_1_16' title='bbox 1091 545 1205 606; x_wconf 87' lang='lat' dir='ltr'>contre</span> <span class='ocrx_word' id='word_1_17' title='bbox 1227 561 1272 606; x_wconf 86' lang='lat' dir='ltr'>cx</span> <span class='ocrx_word' id='word_1_18' title='bbox 1295 560 1335 606; x_wconf 88' lang='lat' dir='ltr'>eo</span> 
     </span>
    </p>

    <p class='ocr_par' dir='ltr' id='par_1_3' title="bbox 255 648 1337 950">
     <span class='ocr_line' id='line_1_4' title="bbox 255 648 1336 734; baseline 0.001 -22"><span class='ocrx_word' id='word_1_19' title='bbox 255 727 259 734; x_wconf 18' lang='grc'>1</span> <span class='ocrx_word' id='word_1_20' title='bbox 296 649 387 732; x_wconf 88' lang='lat' dir='ltr'>quod</span> <span class='ocrx_word' id='word_1_21' title='bbox 410 650 482 714; x_wconf 90' lang='lat' dir='ltr'>eius</span> <span class='ocrx_word' id='word_1_22' title='bbox 506 648 666 712; x_wconf 81' lang='lat' dir='ltr'>historiae</span> <span class='ocrx_word' id='word_1_23' title='bbox 682 668 747 713; x_wconf 92' lang='lat' dir='ltr'>non</span> <span class='ocrx_word' id='word_1_24' title='bbox 763 650 807 713; x_wconf 91' lang='lat' dir='ltr'>ad</span> <span class='ocrx_word' id='word_1_25' title='bbox 823 651 920 713; x_wconf 86' lang='lat' dir='ltr'>finem</span> <span class='ocrx_word' id='word_1_26' title='bbox 938 651 1147 734; x_wconf 90' lang='lat' dir='ltr'>propositum</span> <span class='ocrx_word' id='word_1_27' title='bbox 1170 649 1336 714; x_wconf 77' lang='lat' dir='ltr'><strong>adductae</strong></span> 
     </span>
     <span class='ocr_line' id='line_1_5' title="bbox 295 759 1337 844; baseline -0.001 -21"><span class='ocrx_word' id='word_1_28' title='bbox 295 764 379 844; x_wconf 76' lang='lat' dir='ltr'>sunt,</span> <span class='ocrx_word' id='word_1_29' title='bbox 402 759 615 842; x_wconf 79' lang='lat' dir='ltr'>apertissime</span> <span class='ocrx_word' id='word_1_30' title='bbox 645 777 819 843; x_wconf 80' lang='lat' dir='ltr'>apparere,</span> <span class='ocrx_word' id='word_1_31' title='bbox 851 779 907 823; x_wconf 86' lang='lat' dir='ltr'>ecs</span> <span class='ocrx_word' id='word_1_32' title='bbox 937 762 1005 822; x_wconf 89' lang='lat' dir='ltr'>iam</span> <span class='ocrx_word' id='word_1_33' title='bbox 1036 761 1079 825; x_wconf 89' lang='lat' dir='ltr'>ab</span> <span class='ocrx_word' id='word_1_34' title='bbox 1101 761 1195 824; x_wconf 90' lang='lat' dir='ltr'>initio</span> <span class='ocrx_word' id='word_1_35' title='bbox 1217 760 1337 824; x_wconf 87' lang='lat' dir='ltr'>eodem</span> 
     </span>
     <span class='ocr_line' id='line_1_6' title="bbox 295 865 1140 950; baseline 0.001 -20"><span class='ocrx_word' id='word_1_36' title='bbox 295 869 354 950; x_wconf 87' lang='lat' dir='ltr'>qui</span> <span class='ocrx_word' id='word_1_37' title='bbox 377 885 466 931; x_wconf 89' lang='lat' dir='ltr'>nunc</span> <span class='ocrx_word' id='word_1_38' title='bbox 489 871 599 930; x_wconf 87' lang='lat' dir='ltr'>exstat</span> <span class='ocrx_word' id='word_1_39' title='bbox 622 865 738 930; x_wconf 84' lang='lat' dir='ltr'>ordine</span> <span class='ocrx_word' id='word_1_40' title='bbox 761 871 916 930; x_wconf 86' lang='lat' dir='ltr'>exaratas</span> <span class='ocrx_word' id='word_1_41' title='bbox 941 887 1020 932; x_wconf 88' lang='lat' dir='ltr'>esse.</span> <span class='ocrx_word' id='word_1_42' title='bbox 1137 877 1140 884; x_wconf 89' lang='lat'>&#39;</span> 
     </span>
    </p>

    <p class='ocr_par' dir='ltr' id='par_1_4' title="bbox 294 959 1337 1500">
     <span class='ocr_line' id='line_1_7' title="bbox 398 959 1336 1061; baseline -0.001 -21"><span class='ocrx_word' id='word_1_43' title='bbox 398 977 444 1040; x_wconf 94' lang='lat' dir='ltr'>Ut</span> <span class='ocrx_word' id='word_1_44' title='bbox 466 959 612 1041; x_wconf 88' lang='lat' dir='ltr'>breviter</span> <span class='ocrx_word' id='word_1_45' title='bbox 636 977 839 1059; x_wconf 82' lang='lat' dir='ltr'>complectar</span> <span class='ocrx_word' id='word_1_46' title='bbox 862 978 1047 1061; x_wconf 79' lang='lat' dir='ltr'><strong>paucisque</strong></span> <span class='ocrx_word' id='word_1_47' title='bbox 1069 981 1221 1060; x_wconf 81' lang='lat' dir='ltr'>repetam</span> <span class='ocrx_word' id='word_1_48' title='bbox 1246 995 1336 1061; x_wconf 88' lang='lat' dir='ltr'>quae</span> 
     </span>
     <span class='ocr_line' id='line_1_8' title="bbox 295 1087 1335 1172; baseline -0.001 -20"><span class='ocrx_word' id='word_1_49' title='bbox 295 1088 524 1152; x_wconf 86' lang='lat' dir='ltr'>demonstrata</span> <span class='ocrx_word' id='word_1_50' title='bbox 545 1087 658 1172; x_wconf 82' lang='lat' dir='ltr'>velim,</span> <span class='ocrx_word' id='word_1_51' title='bbox 685 1088 768 1152; x_wconf 87' lang='lat' dir='ltr'>haec</span> <span class='ocrx_word' id='word_1_52' title='bbox 789 1091 881 1150; x_wconf 89' lang='lat' dir='ltr'>sunt:</span> <span class='ocrx_word' id='word_1_53' title='bbox 911 1087 1100 1154; x_wconf 90' lang='lat' dir='ltr'>Herodotus</span> <span class='ocrx_word' id='word_1_54' title='bbox 1130 1107 1206 1150; x_wconf 89' lang='lat' dir='ltr'>cum</span> <span class='ocrx_word' id='word_1_55' title='bbox 1230 1087 1335 1152; x_wconf 88' lang='lat' dir='ltr'>libros</span> 
     </span>
     <span class='ocr_line' id='line_1_9' title="bbox 294 1194 1337 1282; baseline -0.001 -23"><span class='ocrx_word' id='word_1_56' title='bbox 294 1215 372 1259; x_wconf 89' lang='lat' dir='ltr'>suos</span> <span class='ocrx_word' id='word_1_57' title='bbox 403 1213 486 1278; x_wconf 88' lang='lat' dir='ltr'>quos</span> <span class='ocrx_word' id='word_1_58' title='bbox 519 1214 608 1258; x_wconf 89' lang='lat' dir='ltr'>nunc</span> <span class='ocrx_word' id='word_1_59' title='bbox 642 1194 807 1259; x_wconf 89' lang='lat' dir='ltr'>habemus</span> <span class='ocrx_word' id='word_1_60' title='bbox 842 1197 1052 1282; x_wconf 79' lang='lat' dir='ltr'>conscribere</span> <span class='ocrx_word' id='word_1_61' title='bbox 1083 1195 1337 1279; x_wconf 74' lang='lat' dir='ltr'>aggrederetur,</span> 
     </span>
     <span class='ocr_line' id='line_1_10' title="bbox 295 1305 1334 1389; baseline -0.001 -20"><span class='ocrx_word' id='word_1_62' title='bbox 295 1306 409 1369; x_wconf 86' lang='lat' dir='ltr'>omnia</span> <span class='ocrx_word' id='word_1_63' title='bbox 437 1306 557 1368; x_wconf 88' lang='lat' dir='ltr'>itinera</span> <span class='ocrx_word' id='word_1_64' title='bbox 587 1324 649 1389; x_wconf 81' lang='lat' dir='ltr'>sua</span> <span class='ocrx_word' id='word_1_65' title='bbox 677 1305 753 1367; x_wconf 89' lang='lat' dir='ltr'>iam·</span> <span class='ocrx_word' id='word_1_66' title='bbox 775 1307 976 1388; x_wconf 79' lang='lat' dir='ltr'>confeceret3</span> <span class='ocrx_word' id='word_1_67' title='bbox 1007 1307 1222 1371; x_wconf 87' lang='lat' dir='ltr'>manifestum</span> <span class='ocrx_word' id='word_1_68' title='bbox 1246 1305 1334 1368; x_wconf 89' lang='lat' dir='ltr'>enim</span> 
     </span>
     <span class='ocr_line' id='line_1_11' title="bbox 295 1413 1337 1500; baseline 0.001 -24"><span class='ocrx_word' id='word_1_69' title='bbox 295 1419 354 1498; x_wconf 79' lang='lat' dir='ltr'>est,</span> <span class='ocrx_word' id='word_1_70' title='bbox 378 1433 453 1477; x_wconf 89' lang='lat' dir='ltr'>eum</span> <span class='ocrx_word' id='word_1_71' title='bbox 478 1413 570 1476; x_wconf 82' lang='lat' dir='ltr'>bella</span> <span class='ocrx_word' id='word_1_72' title='bbox 592 1432 613 1476; x_wconf 87' lang='lat' dir='ltr'>a</span> <span class='ocrx_word' id='word_1_73' title='bbox 636 1415 746 1477; x_wconf 87' lang='lat' dir='ltr'>Persis</span> <span class='ocrx_word' id='word_1_74' title='bbox 769 1417 862 1494; x_wconf 88' lang='lat' dir='ltr'>gesta</span> <span class='ocrx_word' id='word_1_75' title='bbox 877 1419 937 1478; x_wconf 91' lang='lat' dir='ltr'>ant</span> <span class='ocrx_word' id='word_1_76' title='bbox 960 1415 1028 1478; x_wconf 84' lang='lat' dir='ltr'>alia</span> <span class='ocrx_word' id='word_1_77' title='bbox 1050 1415 1150 1499; x_wconf 88' lang='lat' dir='ltr'>plane</span> <span class='ocrx_word' id='word_1_78' title='bbox 1174 1413 1337 1500; x_wconf 88' lang='lat' dir='ltr'>dilucide-</span> 
     </span>
    </p>

    <p class='ocr_par' dir='ltr' id='par_1_5' title="bbox 268 1523 1339 2378">
     <span class='ocr_line' id='line_1_12' title="bbox 273 1523 1338 1607; baseline -0.001 -20"><span class='ocrx_word' id='word_1_79' title='bbox 273 1543 362 1606; x_wconf 51' lang='lat' dir='ltr'>&#39;que</span> <span class='ocrx_word' id='word_1_80' title='bbox 396 1541 460 1587; x_wconf 90' lang='lat' dir='ltr'>non</span> <span class='ocrx_word' id='word_1_81' title='bbox 494 1523 643 1606; x_wconf 89' lang='lat' dir='ltr'>potuisse</span> <span class='ocrx_word' id='word_1_82' title='bbox 677 1540 834 1586; x_wconf 87' lang='lat' dir='ltr'>enarrare</span> <span class='ocrx_word' id='word_1_83' title='bbox 867 1524 933 1587; x_wconf 90' lang='lat' dir='ltr'>nisi</span> <span class='ocrx_word' id='word_1_84' title='bbox 963 1523 1081 1588; x_wconf 87' lang='lat' dir='ltr'>addita</span> <span class='ocrx_word' id='word_1_85' title='bbox 1112 1523 1338 1607; x_wconf 78' lang='lat' dir='ltr'>descriptione</span> 
     </span>
     <span class='ocr_line' id='line_1_13' title="bbox 268 1633 1339 1718; baseline -0.002 -18"><span class='ocrx_word' id='word_1_86' title='bbox 268 1691 270 1700; x_wconf 83' lang='lat'>.</span> <span class='ocrx_word' id='word_1_87' title='bbox 293 1635 431 1698; x_wconf 85' lang='lat' dir='ltr'>illarum</span> <span class='ocrx_word' id='word_1_88' title='bbox 454 1633 628 1716; x_wconf 82' lang='lat' dir='ltr'>regionum</span> <span class='ocrx_word' id='word_1_89' title='bbox 646 1637 679 1696; x_wconf 87' lang='lat' dir='ltr'>et</span> <span class='ocrx_word' id='word_1_90' title='bbox 702 1633 864 1718; x_wconf 78' lang='lat' dir='ltr'>locorum,</span> <span class='ocrx_word' id='word_1_91' title='bbox 889 1634 949 1697; x_wconf 89' lang='lat' dir='ltr'>ubi</span> <span class='ocrx_word' id='word_1_92' title='bbox 972 1653 1024 1698; x_wconf 89' lang='lat' dir='ltr'>res</span> <span class='ocrx_word' id='word_1_93' title='bbox 1047 1634 1201 1718; x_wconf 90' lang='lat' dir='ltr'>proditae</span> <span class='ocrx_word' id='word_1_94' title='bbox 1223 1638 1339 1716; x_wconf 89' lang='lat' dir='ltr'>gestae</span> 
     </span>
     <span class='ocr_line' id='line_1_14' title="bbox 294 1734 1339 1826; baseline 0.001 -17"><span class='ocrx_word' id='word_1_95' title='bbox 294 1734 378 1809; x_wconf 89' lang='lat' dir='ltr'>sunt.</span> <span class='ocrx_word' id='word_1_96' title='bbox 430 1743 526 1826; x_wconf 74' lang='lat' dir='ltr'>Quae</span> <span class='ocrx_word' id='word_1_97' title='bbox 556 1743 736 1806; x_wconf 85' lang='lat' dir='ltr'>itineribus</span> <span class='ocrx_word' id='word_1_98' title='bbox 771 1743 1009 1826; x_wconf 83' lang='lat' dir='ltr'>perdiligenter</span> <span class='ocrx_word' id='word_1_99' title='bbox 1041 1745 1273 1826; x_wconf 83' lang='lat' dir='ltr'>investigando</span> <span class='ocrx_word' id='word_1_100' title='bbox 1304 1750 1339 1810; x_wconf 89' lang='lat' dir='ltr'>et</span> 
     </span>
     <span class='ocr_line' id='line_1_15' title="bbox 295 1853 1339 1943; baseline -0.002 -23"><span class='ocrx_word' id='word_1_101' title='bbox 295 1853 503 1943; x_wconf 83' lang='lat' dir='ltr'>explorando</span> <span class='ocrx_word' id='word_1_102' title='bbox 520 1857 694 1935; x_wconf 88' lang='lat' dir='ltr'>comperta</span> <span class='ocrx_word' id='word_1_103' title='bbox 710 1853 864 1937; x_wconf 76' lang='lat' dir='ltr'>habebat,</span> <span class='ocrx_word' id='word_1_104' title='bbox 886 1853 956 1916; x_wconf 89' lang='lat' dir='ltr'>iam</span> <span class='ocrx_word' id='word_1_105' title='bbox 971 1853 1088 1937; x_wconf 89' lang='lat' dir='ltr'>primis</span> <span class='ocrx_word' id='word_1_106' title='bbox 1104 1854 1200 1917; x_wconf 88' lang='lat' dir='ltr'>lincis</span> <span class='ocrx_word' id='word_1_107' title='bbox 1215 1855 1339 1918; x_wconf 90' lang='lat' dir='ltr'>leviter</span> 
     </span>
     <span class='ocr_line' id='line_1_16' title="bbox 295 1964 1339 2050; baseline -0.001 -22"><span class='ocrx_word' id='word_1_108' title='bbox 295 1966 358 2030; x_wconf 86' lang='lat' dir='ltr'>sibi</span> <span class='ocrx_word' id='word_1_109' title='bbox 381 1964 615 2046; x_wconf 80' lang='lat' dir='ltr'>designaverat</span> <span class='ocrx_word' id='word_1_110' title='bbox 638 1981 748 2046; x_wconf 90' lang='lat' dir='ltr'>neque</span> <span class='ocrx_word' id='word_1_111' title='bbox 770 1964 963 2048; x_wconf 71' lang='lat' dir='ltr'>tamenim,</span> <span class='ocrx_word' id='word_1_112' title='bbox 986 1968 1025 2026; x_wconf 93' lang='lat' dir='ltr'>ut</span> <span class='ocrx_word' id='word_1_113' title='bbox 1048 1965 1130 2028; x_wconf 88' lang='lat' dir='ltr'>haec</span> <span class='ocrx_word' id='word_1_114' title='bbox 1146 1966 1339 2050; x_wconf 72' lang='lat' dir='ltr'>summaria,</span> 
     </span>
     <span class='ocr_line' id='line_1_17' title="bbox 296 2072 1339 2158; baseline 0.001 -21"><span class='ocrx_word' id='word_1_115' title='bbox 296 2093 385 2158; x_wconf 87' lang='lat' dir='ltr'>quae</span> <span class='ocrx_word' id='word_1_116' title='bbox 408 2072 518 2138; x_wconf 88' lang='lat' dir='ltr'>dicere</span> <span class='ocrx_word' id='word_1_117' title='bbox 541 2072 654 2156; x_wconf 73' lang='lat' dir='ltr'>velim,</span> <span class='ocrx_word' id='word_1_118' title='bbox 678 2072 876 2154; x_wconf 85' lang='lat' dir='ltr'>corpuscula</span> <span class='ocrx_word' id='word_1_119' title='bbox 899 2073 1054 2138; x_wconf 89' lang='lat' dir='ltr'>omnibus</span> <span class='ocrx_word' id='word_1_120' title='bbox 1072 2075 1220 2139; x_wconf 89' lang='lat' dir='ltr'>numeris</span> <span class='ocrx_word' id='word_1_121' title='bbox 1243 2076 1339 2139; x_wconf 91' lang='lat' dir='ltr'>abso·</span> 
     </span>
     <span class='ocr_line' id='line_1_18' title="bbox 294 2181 1339 2266; baseline 0 -20"><span class='ocrx_word' id='word_1_122' title='bbox 294 2185 367 2246; x_wconf 87' lang='lat' dir='ltr'>luta</span> <span class='ocrx_word' id='word_1_123' title='bbox 389 2184 565 2247; x_wconf 87' lang='lat' dir='ltr'>efficerent.</span> <span class='ocrx_word' id='word_1_124' title='bbox 609 2181 698 2246; x_wconf 84' lang='lat' dir='ltr'>Nam</span> <span class='ocrx_word' id='word_1_125' title='bbox 723 2183 772 2246; x_wconf 90' lang='lat' dir='ltr'>ita</span> <span class='ocrx_word' id='word_1_126' title='bbox 787 2183 944 2247; x_wconf 85' lang='lat' dir='ltr'>videntur·</span> <span class='ocrx_word' id='word_1_127' title='bbox 961 2186 1146 2266; x_wconf 87' lang='lat' dir='ltr'>conscripta</span> <span class='ocrx_word' id='word_1_128' title='bbox 1168 2185 1276 2266; x_wconf 78' lang='lat' dir='ltr'>fuisse,</span> <span class='ocrx_word' id='word_1_129' title='bbox 1300 2190 1339 2247; x_wconf 92' lang='lat' dir='ltr'>ut</span> 
     </span>
     <span class='ocr_line' id='line_1_19' title="bbox 295 2293 1339 2378; baseline 0 -21"><span class='ocrx_word' id='word_1_130' title='bbox 295 2297 410 2376; x_wconf 84' lang='lat' dir='ltr'>postea</span> <span class='ocrx_word' id='word_1_131' title='bbox 432 2293 466 2356; x_wconf 91' lang='lat' dir='ltr'>in</span> <span class='ocrx_word' id='word_1_132' title='bbox 489 2294 589 2356; x_wconf 87' lang='lat' dir='ltr'>unius</span> <span class='ocrx_word' id='word_1_133' title='bbox 613 2295 724 2376; x_wconf 89' lang='lat' dir='ltr'>operis</span> <span class='ocrx_word' id='word_1_134' title='bbox 740 2309 859 2377; x_wconf 86' lang='lat' dir='ltr'>corpus</span> <span class='ocrx_word' id='word_1_135' title='bbox 877 2293 987 2375; x_wconf 85' lang='lat' dir='ltr'>redigi</span> <span class='ocrx_word' id='word_1_136' title='bbox 1003 2298 1146 2378; x_wconf 89' lang='lat' dir='ltr'>possent,</span> <span class='ocrx_word' id='word_1_137' title='bbox 1168 2296 1235 2358; x_wconf 87' lang='lat' dir='ltr'>iem</span> <span class='ocrx_word' id='word_1_138' title='bbox 1258 2293 1339 2358; x_wconf 90' lang='lat' dir='ltr'>inde</span> 
     </span>
    </p>

    <p class='ocr_par' dir='ltr' id='par_1_6' title="bbox 189 2396 1340 3696">
     <span class='ocr_line' id='line_1_20' title="bbox 189 2396 1339 2486; baseline 0.001 -20"><span class='ocrx_word' id='word_1_139' title='bbox 189 2396 191 2405; x_wconf 83' lang='lat'>&#39;</span> <span class='ocrx_word' id='word_1_140' title='bbox 295 2404 338 2467; x_wconf 87' lang='lat' dir='ltr'>ab</span> <span class='ocrx_word' id='word_1_141' title='bbox 362 2403 465 2466; x_wconf 90' lang='lat' dir='ltr'>initio.</span> <span class='ocrx_word' id='word_1_142' title='bbox 508 2402 604 2466; x_wconf 88' lang='lat' dir='ltr'>Nihil</span> <span class='ocrx_word' id='word_1_143' title='bbox 634 2407 683 2466; x_wconf 90' lang='lat' dir='ltr'>est</span> <span class='ocrx_word' id='word_1_144' title='bbox 706 2401 797 2486; x_wconf 84' lang='lat' dir='ltr'>quod</span> <span class='ocrx_word' id='word_1_145' title='bbox 820 2402 1013 2467; x_wconf 90' lang='lat' dir='ltr'>dubitemus</span> <span class='ocrx_word' id='word_1_146' title='bbox 1043 2405 1122 2486; x_wconf 88' lang='lat' dir='ltr'>quin</span> <span class='ocrx_word' id='word_1_147' title='bbox 1146 2401 1339 2467; x_wconf 90' lang='lat' dir='ltr'>Herodotus</span> 
     </span>
     <span class='ocr_line' id='line_1_21' title="bbox 296 2512 1340 2596; baseline 0.001 -21"><span class='ocrx_word' id='word_1_148' title='bbox 296 2513 400 2578; x_wconf 77' lang='lat' dir='ltr'>libros</span> <span class='ocrx_word' id='word_1_149' title='bbox 429 2529 505 2577; x_wconf 90' lang='lat' dir='ltr'>suos</span> <span class='ocrx_word' id='word_1_150' title='bbox 536 2512 655 2577; x_wconf 89' lang='lat' dir='ltr'>codem</span> <span class='ocrx_word' id='word_1_151' title='bbox 686 2532 787 2596; x_wconf 86' lang='lat' dir='ltr'>quern</span> <span class='ocrx_word' id='word_1_152' title='bbox 820 2532 909 2577; x_wconf 90' lang='lat' dir='ltr'>nunc</span> <span class='ocrx_word' id='word_1_153' title='bbox 940 2514 1101 2580; x_wconf 87' lang='lat' dir='ltr'>habemus</span> <span class='ocrx_word' id='word_1_154' title='bbox 1124 2514 1241 2578; x_wconf 88' lang='lat' dir='ltr'>ordine</span> <span class='ocrx_word' id='word_1_155' title='bbox 1263 2531 1340 2577; x_wconf 90' lang='lat' dir='ltr'>con·</span> 
     </span>
     <span class='ocr_line' id='line_1_22' title="bbox 296 2623 1337 2710; baseline -0.002 -22"><span class='ocrx_word' id='word_1_156' title='bbox 296 2624 473 2709; x_wconf 87' lang='lat' dir='ltr'>scripserit.</span> <span class='ocrx_word' id='word_1_157' title='bbox 500 2623 706 2710; x_wconf 71' lang='lat' dir='ltr'>¹Herodotus</span> <span class='ocrx_word' id='word_1_158' title='bbox 737 2624 894 2708; x_wconf 89' lang='lat' dir='ltr'>quoniam</span> <span class='ocrx_word' id='word_1_159' title='bbox 919 2625 1125 2708; x_wconf 84' lang='lat' dir='ltr'>prepositum</span> <span class='ocrx_word' id='word_1_160' title='bbox 1149 2643 1248 2695; x_wconf 86' lang='lat' dir='ltr'>suum</span> <span class='ocrx_word' id='word_1_161' title='bbox 1271 2639 1337 2689; x_wconf 88' lang='lat' dir='ltr'>non</span> 
     </span>
     <span class='ocr_line' id='line_1_23' title="bbox 295 2732 1338 2816; baseline -0.003 -20"><span class='ocrx_word' id='word_1_162' title='bbox 295 2735 449 2796; x_wconf 88' lang='lat' dir='ltr'>tenuerat</span> <span class='ocrx_word' id='word_1_163' title='bbox 478 2750 586 2814; x_wconf 89' lang='lat' dir='ltr'>neque</span> <span class='ocrx_word' id='word_1_164' title='bbox 620 2749 703 2816; x_wconf 88' lang='lat' dir='ltr'>opus</span> <span class='ocrx_word' id='word_1_165' title='bbox 734 2752 831 2796; x_wconf 89' lang='lat' dir='ltr'>suum</span> <span class='ocrx_word' id='word_1_166' title='bbox 865 2733 933 2795; x_wconf 90' lang='lat' dir='ltr'>iam</span> <span class='ocrx_word' id='word_1_167' title='bbox 964 2733 1149 2814; x_wconf 82' lang='lat' dir='ltr'>perfectum</span> <span class='ocrx_word' id='word_1_168' title='bbox 1180 2732 1338 2816; x_wconf 83' lang='lat' dir='ltr'>habebat,</span> 
     </span>
     <span class='ocr_line' id='line_1_24' title="bbox 296 2839 1334 2922; baseline -0.003 -18"><span class='ocrx_word' id='word_1_169' title='bbox 296 2859 361 2904; x_wconf 89' lang='lat' dir='ltr'>non</span> <span class='ocrx_word' id='word_1_170' title='bbox 383 2839 493 2922; x_wconf 91' lang='lat' dir='ltr'>potuit</span> <span class='ocrx_word' id='word_1_171' title='bbox 522 2839 682 2904; x_wconf 86' lang='lat' dir='ltr'>accedere</span> <span class='ocrx_word' id='word_1_172' title='bbox 711 2844 898 2904; x_wconf 88' lang='lat' dir='ltr'>retractare</span> <span class='ocrx_word' id='word_1_173' title='bbox 929 2841 1033 2905; x_wconf 90' lang='lat' dir='ltr'>libros</span> <span class='ocrx_word' id='word_1_174' title='bbox 1056 2857 1131 2904; x_wconf 87' lang='lat' dir='ltr'>suos</span> <span class='ocrx_word' id='word_1_175' title='bbox 1154 2843 1190 2902; x_wconf 91' lang='lat' dir='ltr'>ut</span> <span class='ocrx_word' id='word_1_176' title='bbox 1212 2839 1334 2902; x_wconf 89' lang='lat' dir='ltr'>discre-</span> 
     </span>
     <span class='ocr_line' id='line_1_25' title="bbox 296 2949 1338 3035; baseline -0.004 -19"><span class='ocrx_word' id='word_1_177' title='bbox 296 2953 426 3035; x_wconf 88' lang='lat' dir='ltr'>pantias</span> <span class='ocrx_word' id='word_1_178' title='bbox 456 2950 622 3035; x_wconf 86' lang='lat' dir='ltr'>quasdam</span> <span class='ocrx_word' id='word_1_179' title='bbox 651 2956 685 3016; x_wconf 88' lang='lat' dir='ltr'>et</span> <span class='ocrx_word' id='word_1_180' title='bbox 715 2953 909 3016; x_wconf 89' lang='lat' dir='ltr'>iterationes</span> <span class='ocrx_word' id='word_1_181' title='bbox 944 2970 1056 3016; x_wconf 88' lang='lat' dir='ltr'>rerum</span> <span class='ocrx_word' id='word_1_182' title='bbox 1088 2951 1244 3014; x_wconf 88' lang='lat' dir='ltr'>molestas</span> <span class='ocrx_word' id='word_1_183' title='bbox 1276 2949 1338 3014; x_wconf 92' lang='lat' dir='ltr'>tol-</span> 
     </span>
     <span class='ocr_line' id='line_1_26' title="bbox 295 3059 1338 3147; baseline -0.001 -21"><span class='ocrx_word' id='word_1_184' title='bbox 295 3064 380 3126; x_wconf 88' lang='lat' dir='ltr'>leret</span> <span class='ocrx_word' id='word_1_185' title='bbox 402 3061 570 3144; x_wconf 90' lang='lat' dir='ltr'>simulque</span> <span class='ocrx_word' id='word_1_186' title='bbox 592 3061 691 3147; x_wconf 75' lang='lat' dir='ltr'>locos,</span> <span class='ocrx_word' id='word_1_187' title='bbox 721 3061 845 3144; x_wconf 89' lang='lat' dir='ltr'>quibus</span> <span class='ocrx_word' id='word_1_188' title='bbox 876 3081 963 3146; x_wconf 83' lang='lat' dir='ltr'>quae</span> <span class='ocrx_word' id='word_1_189' title='bbox 982 3077 1145 3145; x_wconf 84' lang='lat' dir='ltr'>nusquam</span> <span class='ocrx_word' id='word_1_190' title='bbox 1170 3059 1338 3143; x_wconf 85' lang='lat' dir='ltr'>praestitit</span> 
     </span>
     <span class='ocr_line' id='line_1_27' title="bbox 296 3170 1338 3256; baseline -0.004 -20"><span class='ocrx_word' id='word_1_191' title='bbox 296 3172 462 3253; x_wconf 82' lang='lat' dir='ltr'>pollicitus</span> <span class='ocrx_word' id='word_1_192' title='bbox 485 3175 543 3255; x_wconf 78' lang='lat' dir='ltr'>est,</span> <span class='ocrx_word' id='word_1_193' title='bbox 566 3171 695 3234; x_wconf 87' lang='lat' dir='ltr'>deleret</span> <span class='ocrx_word' id='word_1_194' title='bbox 717 3175 776 3234; x_wconf 88' lang='lat' dir='ltr'>aut</span> <span class='ocrx_word' id='word_1_195' title='bbox 799 3190 887 3256; x_wconf 89' lang='lat' dir='ltr'>quac</span> <span class='ocrx_word' id='word_1_196' title='bbox 901 3172 1070 3254; x_wconf 83' lang='lat' dir='ltr'>pollicitus</span> <span class='ocrx_word' id='word_1_197' title='bbox 1094 3174 1142 3234; x_wconf 86' lang='lat' dir='ltr'>est</span> <span class='ocrx_word' id='word_1_198' title='bbox 1163 3170 1338 3253; x_wconf 81' lang='lat' dir='ltr'>impleret3</span> 
     </span>
     <span class='ocr_line' id='line_1_28' title="bbox 296 3279 1337 3367; baseline -0.001 -24"><span class='ocrx_word' id='word_1_199' title='bbox 296 3281 385 3344; x_wconf 92' lang='lat' dir='ltr'>unde</span> <span class='ocrx_word' id='word_1_200' title='bbox 400 3282 464 3344; x_wconf 92' lang='lat' dir='ltr'>hoc</span> <span class='ocrx_word' id='word_1_201' title='bbox 478 3299 615 3366; x_wconf 84' lang='lat' dir='ltr'>quoque</span> <span class='ocrx_word' id='word_1_202' title='bbox 629 3283 754 3345; x_wconf 88' lang='lat' dir='ltr'>factum</span> <span class='ocrx_word' id='word_1_203' title='bbox 773 3287 829 3367; x_wconf 79' lang='lat' dir='ltr'>est,</span> <span class='ocrx_word' id='word_1_204' title='bbox 852 3286 968 3346; x_wconf 90' lang='lat' dir='ltr'>utnon</span> <span class='ocrx_word' id='word_1_205' title='bbox 992 3299 1105 3346; x_wconf 88' lang='lat' dir='ltr'>omnes</span> <span class='ocrx_word' id='word_1_206' title='bbox 1121 3279 1337 3344; x_wconf 85' lang='lat' dir='ltr'>historiarum</span> 
     </span>
     <span class='ocr_line' id='line_1_29' title="bbox 296 3389 1338 3478; baseline -0.003 -23"><span class='ocrx_word' id='word_1_207' title='bbox 296 3392 368 3455; x_wconf 89' lang='lat' dir='ltr'>eius</span> <span class='ocrx_word' id='word_1_208' title='bbox 390 3396 501 3478; x_wconf 86' lang='lat' dir='ltr'>partes</span> <span class='ocrx_word' id='word_1_209' title='bbox 525 3393 598 3472; x_wconf 88' lang='lat' dir='ltr'>pari</span> <span class='ocrx_word' id='word_1_210' title='bbox 623 3391 722 3456; x_wconf 89' lang='lat' dir='ltr'>modc</span> <span class='ocrx_word' id='word_1_211' title='bbox 746 3393 901 3456; x_wconf 89' lang='lat' dir='ltr'>omnibus</span> <span class='ocrx_word' id='word_1_212' title='bbox 922 3393 1068 3455; x_wconf 87' lang='lat' dir='ltr'>numeris</span> <span class='ocrx_word' id='word_1_213' title='bbox 1092 3391 1259 3472; x_wconf 83' lang='lat' dir='ltr'>perfectae</span> <span class='ocrx_word' id='word_1_214' title='bbox 1281 3389 1338 3452; x_wconf 86' lang='lat' dir='ltr'>ab·</span> 
     </span>
     <span class='ocr_line' id='line_1_30' title="bbox 295 3501 1338 3586; baseline -0.005 -21"><span class='ocrx_word' id='word_1_215' title='bbox 295 3502 491 3586; x_wconf 84' lang='lat' dir='ltr'>solutaeque</span> <span class='ocrx_word' id='word_1_216' title='bbox 506 3502 580 3586; x_wconf 79' lang='lat' dir='ltr'>sint,</span> <span class='ocrx_word' id='word_1_217' title='bbox 603 3502 661 3564; x_wconf 91' lang='lat' dir='ltr'>sed</span> <span class='ocrx_word' id='word_1_218' title='bbox 677 3501 837 3565; x_wconf 89' lang='lat' dir='ltr'>nonnulla</span> <span class='ocrx_word' id='word_1_219' title='bbox 853 3503 952 3584; x_wconf 92' lang='lat' dir='ltr'>quasi</span> <span class='ocrx_word' id='word_1_220' title='bbox 975 3503 1123 3586; x_wconf 87' lang='lat' dir='ltr'>abrupta</span> <span class='ocrx_word' id='word_1_221' title='bbox 1137 3503 1338 3582; x_wconf 87' lang='lat' dir='ltr'>argumenta</span> 
     </span>
     <span class='ocr_line' id='line_1_31' title="bbox 296 3609 1338 3696; baseline -0.003 -23"><span class='ocrx_word' id='word_1_222' title='bbox 296 3610 339 3674; x_wconf 87' lang='lat' dir='ltr'>ad</span> <span class='ocrx_word' id='word_1_223' title='bbox 354 3614 477 3678; x_wconf 90' lang='lat' dir='ltr'>librum</span> <span class='ocrx_word' id='word_1_224' title='bbox 488 3611 701 3677; x_wconf 89' lang='lat' dir='ltr'>scribendum</span> <span class='ocrx_word' id='word_1_225' title='bbox 714 3612 848 3676; x_wconf 89' lang='lat' dir='ltr'>demum</span> <span class='ocrx_word' id='word_1_226' title='bbox 862 3617 1059 3696; x_wconf 88' lang='lat' dir='ltr'>comparata</span> <span class='ocrx_word' id='word_1_227' title='bbox 1070 3629 1141 3678; x_wconf 87' lang='lat' dir='ltr'>esse</span> <span class='ocrx_word' id='word_1_228' title='bbox 1153 3609 1338 3673; x_wconf 85' lang='lat' dir='ltr'>videantur.</span> 
     </span>
    </p>
   </div>
   <div class='ocr_carea' id='block_1_3' title="bbox 663 3885 973 3922">
    <p class='ocr_par' dir='ltr' id='par_1_7' title="bbox 663 3885 973 3922">
     <span class='ocr_line' id='line_1_32' title="bbox 663 3885 973 3922; baseline -0.006 -12"><span class='ocrx_word' id='word_1_229' title='bbox 663 3885 973 3922; x_wconf 36' lang='lat' dir='ltr'>-Jmpfflmffl</span> 
     </span>
    </p>
   </div>
   <div class='ocr_carea' id='block_1_4' title="bbox 0 0 1593 4886">
    <p class='ocr_par' dir='ltr' id='par_1_8' title="bbox 0 0 1593 4886">
     <span class='ocr_line' id='line_1_33' title="bbox 0 0 1593 4886; baseline 0 0"><span class='ocrx_word' id='word_1_230' title='bbox 0 0 1593 4886; x_wconf 95' lang='lat' dir='ltr'> </span> 
     </span>
    </p>
   </div>
  </div>
 </body>
</html>
