3176 4886
687 293 842 390 „Q-

247 465 305 546 est,
328 479 444 525 vocem
463 481 549 546 quae
565 468 613 527 est
636 463 834 548 προσθῆκαι,
857 484 958 548 quarn
976 467 1031 530 isti
1053 464 1168 532 volunt
1189 470 1287 551 signi-

247 571 434 633 ficationem
464 573 597 635 omnino
628 591 691 636 non
722 575 848 637 habere
871 593 974 655 posse.
1019 575 1104 638 Naro
1138 579 1197 659 qui
1220 582 1287 640 tan-

248 680 326 744 dem
348 681 453 758 tieret,
476 686 513 745 ut
527 677 716 748 Heroddtus
732 683 800 747 iarn
816 684 894 748 inde
909 685 952 748 ab
976 687 1069 748 initio
1093 685 1142 766 (ἐξ
1159 687 1286 773 ἀρχῆς),

247 812 323 860 cum
340 811 423 874 opus
439 813 535 858 suurn
550 795 788 878 aggrederetur
801 799 1016 881 conscribere,
1033 799 1119 862 scire
1135 801 1286 884 potuerit,

244 903 310 968 sibi
333 904 507 967 nonnullos
536 905 626 969 locos
658 907 883 971 emendandos
914 909 985 972 fore
1015 913 1072 972 aut
1103 927 1138 972 se
1169 916 1286 991 postea

246 1010 429 1100 aliquando
444 1011 500 1074 vel
517 1012 669 1077 alicunde
685 1017 925 1098 accuratiorem
944 1016 1087 1079 alicuius
1107 1017 1156 1080 rei
1173 1015 1303 1098 gestae·

244 1122 442 1185 relationem
473 1123 684 1204 cogniturum
717 1125 1018 1204 essethirnirum
1050 1125 1191 1190 dubium
1221 1145 1286 1190 non

245 1236 304 1314 est,
327 1233 405 1314 quin
428 1231 615 1316 προσθῆκαι
638 1233 719 1297 iliae
749 1234 842 1298 aliud
873 1235 947 1320 sint,
977 1234 1069 1298 aliud
1093 1237 1287 1300 interlectae

245 1344 461 1428 narrationes,
491 1361 578 1425 quae
607 1342 811 1428 παρενθῆκαι
833 1350 1003 1430 vocantur,
1036 1347 1159 1428 quibus
1181 1349 1286 1410 oratio

248 1452 291 1516 ab
314 1470 354 1516 eo
371 1452 461 1534 quod
478 1457 683 1535 propositum
701 1459 749 1518 est
766 1456 897 1538 longius
920 1454 1111 1539 diutiusque
1135 1455 1287 1542 aberrat3

248 1567 320 1626 sunt
347 1565 437 1626 enim
467 1563 547 1626 iliae
570 1562 768 1648 προσθῆκαι,
799 1569 836 1628 ut
866 1566 948 1628 mihi
978 1565 1114 1647 quidem
1145 1566 1287 1650 videtur,

249 1675 472 1738 annotationes
502 1693 616 1737 rerum
647 1674 688 1738 ad
714 1663 934 1758 cognitionem
958 1676 1014 1738 vel
1038 1680 1204 1739 terrarum
1229 1678 1285 1740 vel

248 1799 378 1846 morum
401 1782 507 1864 gentis
531 1781 705 1845 cuiusdam
724 1777 968 1868 pertinentium,
991 1802 1074 1865 quas
1098 1783 1285 1848 Herodotus

246 1893 419 1955 occasione
448 1890 562 1955 oblata
584 1889 627 1954 ad
657 1892 804 1973 legentes
827 1892 890 1954 hoc
911 1891 966 1954 vei
988 1890 1073 1954 iilud
1097 1894 1285 1955 accuratius

245 1999 431 2065 edocendos
447 2000 572 2064 addere
594 2000 687 2084 solet,
710 2019 787 2063 cum
810 2001 993 2082 legentium
1016 1999 1145 2062 animos
1168 1999 1285 2063 adver-

246 2112 288 2173 tit
310 2112 344 2174 in
366 2110 628 2194 similitudinem,
657 2129 745 2194 quae
767 2111 847 2174 huic
869 2109 925 2173 vel
947 2110 996 2172 ilii
1020 2112 1110 2192 genti
1134 2114 1286 2174 terraeve
1355 2157 1357 2164 Α

248 2240 326 2284 cum
357 2222 461 2285 altera
491 2223 548 2303 sit3
581 2224 658 2284 sunt
688 2221 789 2302 igitur
820 2220 1068 2284 observationes
1098 2238 1210 2284 rerum
1242 2221 1286 2284 ad

247 2332 376 2416 aliquid
409 2330 633 2416 supplendum
667 2330 824 2408 additae
845 2349 934 2414 quoe
968 2332 1126 2414 quapiam
1158 2333 1286 2395 ratione

244 2443 286 2508 ad
311 2444 515 2528 propositam
546 2442 768 2504 narrationem
799 2441 963 2522 pertinent
993 2445 1051 2504 aut
1081 2444 1179 2521 aptae
1201 2445 1285 2504 sunt.

195 2627 197 2634 ¹
242 2552 416 2618 Eiusmodi
428 2557 541 2616 antem
554 2570 608 2614 res
621 2551 735 2614 eiiam
746 2552 921 2615 materiam
934 2551 1044 2634 operis
1053 2550 1284 2615 conscribendi

242 2661 450 2745 conquirenti
466 2661 663 2742 conspicuae
682 2661 755 2722 fieri
771 2650 932 2741 poterant,
951 2659 1000 2722 ita
1015 2635 1052 2720 nt
1070 2655 1285 2737 continuasti

242 2771 362 2858 ἀρχῆς)
378 2789 434 2835 eas
454 2771 619 2852 expressis
639 2770 751 2834 verbis
771 2773 889 2833 notare
909 2769 1118 2851 propositum
1134 2767 1286 2831 haberet.

347 2881 525 2944 Praeterea
547 2880 575 2942 si
597 2897 709 2942 omnes
732 2879 832 2962 locos,
864 2881 897 2940 et
921 2876 1044 2959 quibus
1074 2880 1133 2938 aut
1159 2873 1203 2938 ad
1228 2871 1308 2937 anst

243 2989 430 3056 tecedentia
451 2993 510 3052 aut
532 2988 574 3052 ad
597 2989 774 3071 sequentia
798 2987 1002 3073 detegamur,
1034 2990 1066 3050 et
1090 2987 1213 3069 quibus
1235 3005 1284 3050 re·
1316 3075 1320 3080 ἱ

243 3102 392 3164 tractatis
415 3097 542 3183 aliquid
566 3097 718 3162 additum
742 3110 814 3162 csse
828 3098 868 3161 Α.
885 3096 1032 3162 Boucrus
1056 3101 1088 3160 et
1111 3095 1142 3161 0.
1162 3095 1284 3161 Hacte-

243 3213 312 3274 zias
341 3214 497 3294 statuunt,
526 3207 704 3290 diligenter
734 3209 931 3290 respexeris,
960 3206 1091 3270 videbis
1120 3206 1285 3270 eiusmodi

242 3320 333 3382 locos
355 3319 389 3381 in
412 3319 565 3382 omnibus
588 3319 657 3382 fere
679 3317 829 3400 partibus
852 3319 960 3398 operis
980 3317 1134 3381 inveniri.
1179 3316 1284 3399 Atqui

245 3447 321 3491 oum
343 3429 465 3492 iteres
488 3447 525 3492 se
546 3429 681 3512 habeat,
703 3427 882 3502 siillorum
905 3428 1100 3490 sententiam
1124 3427 1284 3509 sequaris,

243 3554 365 3618 ponere
388 3536 497 3622 debes,
520 3537 733 3602 Herodotum
755 3537 910 3600 historias
933 3553 1009 3600 suas
1032 3540 1131 3600 antea
1153 3553 1284 3628 separa-

241 3652 290 3709 tas
313 3664 378 3710 non
401 3647 510 3710 solurn
540 3652 739 3711 retractasse
764 3650 868 3730 atque
900 3648 1110 3710 coniunxisse
1133 3647 1218 3707 inter
1240 3662 1285 3728 se,

240 3752 300 3817 sed
322 3759 429 3819 toturn
452 3772 536 3837 opus
560 3758 657 3838 quasi
681 3756 789 3819 denuo
816 3757 1032 3839 rescripsisse.
1076 3755 1148 3817 Hoc
1170 3756 1285 3816 autem

240 3866 268 3928 si
291 3864 462 3951 statuaria
479 3883 545 3930 non
568 3869 645 3930 setis
669 3867 839 3948 explicare
860 3867 973 3951 possis,
1004 3865 1062 3948 qui
1085 3865 1210 3928 facturn
1234 3865 1286 3948 sit,

198 3999 202 4015 ¹
239 3979 276 4038 ut
305 3975 494 4041 Herodotus
524 3977 737 4058 repetitiones
768 3993 881 4039 rerum
912 3975 1068 4040 molestas
1099 3978 1131 4037 et
1163 3973 1284 4036 discre-

1112 4090 1128 4141 3
