3176 4886
778 273 796 333 7

712 361 865 370 ...μ-η...-

269 447 376 511 studio
398 450 431 509 et
452 443 685 526 investigando
708 450 893 526 compertas
917 441 1030 525 paucis
1056 443 1309 508 adumbraverit

271 562 304 632 et
328 557 548 621 delineaverit
570 589 614 602 -
637 557 712 638 quis
729 557 816 618 enim
834 559 883 618 est
906 556 965 637 qui
988 554 1193 618 uberrimam
1216 555 1308 616 illam

270 687 383 730 rerum
407 665 557 731 maxim'e
580 667 748 729 variarum
773 666 902 746 copiam
924 665 1087 728 memoria
1111 665 1244 727 teneat?
1266 699 1309 710 —-

268 775 428 860 idemque
458 779 525 839 iam
555 775 720 839 rationem
751 775 890 838 fortasse
921 775 1021 837 totius
1052 774 1163 857 operis
1194 775 1309 858 primis

268 887 374 950 lineis.
389 887 613 967 designaverit
636 886 708 968 sibi,
731 886 926 968 priusquam
951 885 1043 965 operi
1065 885 1130 964 ipsi
1152 900 1211 948 suo
1236 899 1310 946 con-

269 995 444 1062 scribendo
462 1000 495 1059 et
512 995 713 1078 perficiendo
730 1013 866 1076 operam
891 999 1045 1076 navaret3
1066 1012 1176 1076 neque
1199 998 1309 1056 tamen
1350 1047 1352 1052 .

269 1107 336 1169 illis
370 1107 528 1170 brevibus
562 1125 674 1168 rerum
710 1107 883 1168 variarum
916 1104 1191 1186 descriptionibus
1227 1121 1309 1186 quas

272 1215 384 1280 dicere
407 1216 512 1280 velim
541 1217 699 1280 historiae
722 1215 875 1278 omnibus
905 1215 1050 1276 numeris
1073 1209 1246 1277 absolutae
1269 1213 1312 1275 el·

271 1329 379 1390 fectae
401 1331 476 1390 sunt
492 1327 546 1390 vel
563 1329 712 1408 expressi
729 1326 785 1408 qui
803 1323 963 1387 dicuntur
985 1322 1087 1408 λόγοι,
1111 1325 1168 1406 qui
1191 1325 1311 1387 iustam

272 1437 433 1501 liaberent
465 1438 608 1500 formam
642 1440 744 1517 atque
779 1435 964 1518 perfectum
998 1434 1197 1498 narrationis
1231 1451 1312 1514 opus

272 1552 385 1612 esseut.
437 1547 532 1630 Nego
563 1549 666 1628 igitur
696 1544 902 1609 Herodotum
935 1546 1089 1608 omuibus
1119 1545 1185 1606 illis
1215 1545 1313 1608 rebus

272 1655 365 1719 aliud
388 1656 573 1738 quidquam
598 1673 701 1737 quarn
725 1659 762 1716 ut
785 1655 833 1716 ita
856 1654 966 1716 dicam
990 1654 1169 1717 materiam
1194 1656 1313 1716 instru-

212 1819 215 1825 .
270 1766 360 1828 xisse
383 1763 553 1847 quandam
585 1768 617 1825 et
647 1762 777 1843 copiam
808 1762 916 1844 operis
947 1764 999 1824 sui
1028 1760 1257 1826 conscribendi
1281 1767 1314 1825 et

270 1875 418 1939 ornandi.
463 1873 578 1958 Atque
601 1874 732 1935 etiamsi
755 1890 792 1934 re
808 1891 889 1934 vera
906 1873 1060 1936 historias
1083 1871 1158 1935 illas
1182 1891 1202 1934 a
1225 1873 1314 1954 priu-

272 1985 357 2064 oipio
391 1985 572 2065 separatim
608 1985 783 2062 conceptas
818 1983 917 2044 fuisse
950 1999 1168 2063 poneremus,
1202 1987 1312 2045 tamen

272 2093 367 2154 nobis
396 2090 613 2155 iudicandum
645 2109 716 2154 esse
747 2091 944 2177 putaverim,
975 2109 1031 2154 eas
1061 2093 1128 2154 iam
1151 2093 1195 2156 ab
1218 2093 1312 2156 initio

274 2200 323 2261 ita
345 2199 482 2280 scriptas
513 2199 623 2284 fuisse,
654 2203 689 2261 ut
720 2204 836 2280 postea
865 2200 899 2260 iu
932 2199 1029 2261 unius
1060 2201 1170 2281 operis
1194 2217 1313 2281 corpus

275 2308 461 2372 coalescere
483 2313 631 2392 possent,
663 2327 730 2391 quo
755 2309 841 2371 enirn
865 2309 933 2372 alio
959 2310 1156 2392 pertinuisse
1180 2328 1236 2372 eas
1260 2309 1313 2373 vel
1396 2361 1400 2368 .

274 2417 353 2500 quid
386 2418 451 2481 sibi
482 2419 628 2484 voluisse
658 2419 773 2482 dicas?
806 2408 925 2502 Neque
956 2421 1042 2482 enim
1073 2421 1167 2502 ipsae
1196 2438 1255 2502 per
1278 2439 1313 2482 so

273 2527 427 2592 omnibus
449 2529 602 2612 partibus
618 2533 720 2611 atque
742 2530 887 2591 numeris
911 2531 958 2592 ita
981 2529 1137 2614 expletae
1161 2533 1254 2592 eraut
1276 2533 1314 2591 ut

274 2639 417 2720 amplius
441 2637 531 2722 quod
555 2637 765 2702 desiderares
789 2639 872 2700 nihil
896 2645 989 2702 esset.

375 2747 464 2810 Nam
496 2767 573 2812 cum
604 2749 854 2829 dispositionem
884 2749 983 2811 totius
1014 2749 1123 2830 operis
1155 2747 1314 2812 Herodoti

274 2859 463 2937 universam
496 2862 528 2920 et
558 2859 698 2921 sormam
730 2877 832 2941 quam
863 2877 950 2921 nunc
980 2859 1081 2922 babet
1111 2863 1315 2944 contuemur,

276 2971 404 3030 tantum
435 2969 536 3052 abest,
567 2973 603 3030 ut
633 2967 713 3030 libri
736 2969 807 3031 eius
830 2969 1012 3050 separatim
1045 2971 1236 3051 conscriptis
1267 2971 1314 3032 hi-

274 3077 381 3140 storiis
410 3094 524 3139 rerum
556 3095 576 3138 a
600 3077 730 3161 Samiis,
759 3076 908 3140 aMedis
932 3077 1110 3158 Persisque
1136 3081 1315 3163 gestarum,

275 3187 498 3270 expeditionis
530 3183 668 3270 Xerxis,
701 3173 802 3268 primi
839 3197 859 3248 a
893 3188 1001 3249 Persis
1035 3185 1199 3250 Graeciae
1231 3187 1316 3251 illati

275 3296 365 3380 belli,
396 3296 579 3381 Lydorum,
606 3297 728 3359 Jonum
758 3296 960 3380 rebellionis,
992 3297 1206 3382 Graecorum,
1237 3299 1315 3379 Scy·

275 3407 419 3492 tharam,
449 3405 706 3491 Acgyptiorum,
735 3406 894 3491 Libyam,
922 3406 955 3469 id
989 3407 1077 3490 quod
1105 3407 1144 3471 A.
1168 3407 1315 3473 Bouerus

274 3515 328 3592 (of.
358 3515 378 3577 1.
407 3533 435 3578 1.
465 3537 496 3600 p.
528 3515 600 3598 141,
632 3515 704 3598 171,
736 3515 815 3596 173)
852 3515 1079 3579 demonstrare
1111 3516 1227 3602 studet,
1259 3523 1316 3580 aut

274 3624 420 3688 historiis
461 3625 591 3708 Jcnum,
625 3625 724 3706 primi
759 3644 779 3687 a
809 3625 919 3688 Persis
957 3628 990 3688 in
1025 3627 1190 3708 Europam
1227 3625 1316 3689 illati

275 3735 364 3817 belli,
388 3735 559 3797 initiorum
575 3736 668 3816 regni
684 3736 796 3818 Darei,
818 3753 930 3798 rerum
946 3755 966 3797 a
982 3733 1072 3816 Cyro
1089 3740 1120 3799 et
1138 3731 1316 3817 Cambyse,

275 3863 295 3908 a
325 3843 434 3928 Lydis,
468 3844 655 3930 Aegyptiis,
687 3844 847 3925 Libyibus
882 3849 1061 3928 gestarum,
1096 3842 1316 3925 expeditionis

276 3953 406 4017 Datidis
430 3953 714 4036 Artaphernisque
744 3958 845 4036 atque
872 3955 1006 4038 Xerxis,
1037 3959 1072 4017 ut
1103 3954 1135 4018 Ο.
1156 3953 1315 4020 Hurliezr'o
