<?xml version="1.0" encoding="UTF-8"?>
<!DOCTYPE html PUBLIC "-//W3C//DTD XHTML 1.0 Transitional//EN"
    "http://www.w3.org/TR/xhtml1/DTD/xhtml1-transitional.dtd">
<html xmlns="http://www.w3.org/1999/xhtml" xml:lang="en" lang="en">
 <head>
  <title>
</title>
<meta http-equiv="Content-Type" content="text/html;charset=utf-8" />
  <meta name='ocr-system' content='tesseract 3.04.00' />
  <meta name='ocr-capabilities' content='ocr_page ocr_carea ocr_par ocr_line ocrx_word'/>
</head>
<body>
  <div class='ocr_page' id='page_1' title='image "./herodotushalica00ammegoog_0013.png"; bbox 0 0 3176 4886; ppageno 0'>
   <div class='ocr_carea' id='block_1_1' title="bbox 794 253 815 316">
    <p class='ocr_par' dir='ltr' id='par_1_1' title="bbox 794 253 815 316">
     <span class='ocr_line' id='line_1_1' title="bbox 794 253 815 316; baseline 0 0"><span class='ocrx_word' id='word_1_1' title='bbox 794 253 815 316; x_wconf 89' lang='grc'>8</span> 
     </span>
    </p>
   </div>
   <div class='ocr_carea' id='block_1_2' title="bbox 724 341 879 352">
    <p class='ocr_par' dir='ltr' id='par_1_2' title="bbox 724 341 879 352">
     <span class='ocr_line' id='line_1_2' title="bbox 724 341 879 352; baseline -0.013 0"><span class='ocrx_word' id='word_1_2' title='bbox 724 341 879 352; x_wconf 66' lang='lat' dir='ltr'>——a-——a</span> 
     </span>
    </p>
   </div>
   <div class='ocr_carea' id='block_1_3' title="bbox 256 423 1332 3800">
    <p class='ocr_par' dir='ltr' id='par_1_3' title="bbox 281 423 1324 1043">
     <span class='ocr_line' id='line_1_3' title="bbox 281 423 1324 510; baseline -0.004 -18"><span class='ocrx_word' id='word_1_3' title='bbox 281 429 339 508; x_wconf 87' lang='lat' dir='ltr'>(cf.</span> <span class='ocrx_word' id='word_1_4' title='bbox 355 429 375 492; x_wconf 89' lang='lat' dir='ltr'>l.</span> <span class='ocrx_word' id='word_1_5' title='bbox 391 446 421 490; x_wconf 87' lang='lat' dir='ltr'>a.</span> <span class='ocrx_word' id='word_1_6' title='bbox 436 448 467 510; x_wconf 93' lang='lat' dir='ltr'>p.</span> <span class='ocrx_word' id='word_1_7' title='bbox 485 427 541 504; x_wconf 86' lang='grc'>74)</span> <span class='ocrx_word' id='word_1_8' title='bbox 564 425 706 510; x_wconf 82' lang='lat' dir='ltr'>videtur,</span> <span class='ocrx_word' id='word_1_9' title='bbox 730 425 942 490; x_wconf 74' lang='lat' dir='ltr'>concedendis</span> <span class='ocrx_word' id='word_1_10' title='bbox 966 429 999 488; x_wconf 86' lang='lat' dir='ltr'>et</span> <span class='ocrx_word' id='word_1_11' title='bbox 1022 424 1215 507; x_wconf 79' lang='lat' dir='ltr'>copulandis</span> <span class='ocrx_word' id='word_1_12' title='bbox 1237 423 1324 490; x_wconf 87' lang='lat' dir='ltr'>inter</span> 
     </span>
     <span class='ocr_line' id='line_1_4' title="bbox 282 534 1324 621; baseline 0 -21"><span class='ocrx_word' id='word_1_13' title='bbox 282 556 318 600; x_wconf 88' lang='lat' dir='ltr'>sa</span> <span class='ocrx_word' id='word_1_14' title='bbox 342 537 452 600; x_wconf 87' lang='lat' dir='ltr'>exorti</span> <span class='ocrx_word' id='word_1_15' title='bbox 466 536 561 601; x_wconf 88' lang='lat' dir='ltr'>nobis</span> <span class='ocrx_word' id='word_1_16' title='bbox 578 534 764 621; x_wconf 86' lang='lat' dir='ltr'>videantur,</span> <span class='ocrx_word' id='word_1_17' title='bbox 788 541 823 599; x_wconf 90' lang='lat' dir='ltr'>ut</span> <span class='ocrx_word' id='word_1_18' title='bbox 838 535 1029 619; x_wconf 86' lang='lat' dir='ltr'>negandum</span> <span class='ocrx_word' id='word_1_19' title='bbox 1049 535 1143 600; x_wconf 91' lang='lat' dir='ltr'>nobis</span> <span class='ocrx_word' id='word_1_20' title='bbox 1165 537 1206 598; x_wconf 86' lang='lat' dir='ltr'>sit</span> <span class='ocrx_word' id='word_1_21' title='bbox 1230 537 1324 618; x_wconf 88' lang='lat' dir='ltr'>quid-</span> 
     </span>
     <span class='ocr_line' id='line_1_5' title="bbox 282 646 1324 731; baseline 0.002 -21"><span class='ocrx_word' id='word_1_22' title='bbox 282 666 383 731; x_wconf 83' lang='lat' dir='ltr'><strong>quam</strong></span> <span class='ocrx_word' id='word_1_23' title='bbox 408 647 533 731; x_wconf 88' lang='lat' dir='ltr'>abessa,</span> <span class='ocrx_word' id='word_1_24' title='bbox 563 646 741 728; x_wconf 83' lang='lat' dir='ltr'>quominus</span> <span class='ocrx_word' id='word_1_25' title='bbox 772 663 892 728; x_wconf 88' lang='lat' dir='ltr'>corpus</span> <span class='ocrx_word' id='word_1_26' title='bbox 922 647 1075 712; x_wconf 82' lang='lat' dir='ltr'>omuibus</span> <span class='ocrx_word' id='word_1_27' title='bbox 1098 649 1244 710; x_wconf 89' lang='lat' dir='ltr'>numeris</span> <span class='ocrx_word' id='word_1_28' title='bbox 1267 650 1324 712; x_wconf 85' lang='lat' dir='ltr'>ab·</span> 
     </span>
     <span class='ocr_line' id='line_1_6' title="bbox 284 755 1324 846; baseline -0.001 -26"><span class='ocrx_word' id='word_1_29' title='bbox 284 757 428 821; x_wconf 89' lang='lat' dir='ltr'>solutum</span> <span class='ocrx_word' id='word_1_30' title='bbox 459 755 657 840; x_wconf 87' lang='lat' dir='ltr'>habeamus,</span> <span class='ocrx_word' id='word_1_31' title='bbox 685 755 720 819; x_wconf 95' lang='lat' dir='ltr'>id</span> <span class='ocrx_word' id='word_1_32' title='bbox 745 756 834 840; x_wconf 94' lang='lat' dir='ltr'>quod</span> <span class='ocrx_word' id='word_1_33' title='bbox 865 758 1000 820; x_wconf 86' lang='lat' dir='ltr'>evenire</span> <span class='ocrx_word' id='word_1_34' title='bbox 1031 775 1097 820; x_wconf 90' lang='lat' dir='ltr'>uon</span> <span class='ocrx_word' id='word_1_35' title='bbox 1126 761 1266 846; x_wconf 85' lang='lat' dir='ltr'>poterat,</span> <span class='ocrx_word' id='word_1_36' title='bbox 1295 757 1324 819; x_wconf 91' lang='lat' dir='ltr'>si</span> 
     </span>
     <span class='ocr_line' id='line_1_7' title="bbox 281 865 1323 950; baseline 0.001 -22"><span class='ocrx_word' id='word_1_37' title='bbox 281 885 322 928; x_wconf 85' lang='lat' dir='ltr'>ex</span> <span class='ocrx_word' id='word_1_38' title='bbox 337 865 404 929; x_wconf 86' lang='lat' dir='ltr'>illis</span> <span class='ocrx_word' id='word_1_39' title='bbox 422 871 492 928; x_wconf 89' lang='lat' dir='ltr'>tam</span> <span class='ocrx_word' id='word_1_40' title='bbox 507 866 609 930; x_wconf 89' lang='lat' dir='ltr'>variis</span> <span class='ocrx_word' id='word_1_41' title='bbox 625 870 761 948; x_wconf 89' lang='lat' dir='ltr'>tamque</span> <span class='ocrx_word' id='word_1_42' title='bbox 778 865 918 930; x_wconf 90' lang='lat' dir='ltr'>diversis</span> <span class='ocrx_word' id='word_1_43' title='bbox 937 867 1088 948; x_wconf 88' lang='lat' dir='ltr'>partibus</span> <span class='ocrx_word' id='word_1_44' title='bbox 1104 885 1205 948; x_wconf 87' lang='lat' dir='ltr'>aegre</span> <span class='ocrx_word' id='word_1_45' title='bbox 1228 868 1323 950; x_wconf 83' lang='lat' dir='ltr'><strong>quasi</strong></span> 
     </span>
     <span class='ocr_line' id='line_1_8' title="bbox 283 981 570 1043; baseline -0.003 -5"><span class='ocrx_word' id='word_1_46' title='bbox 283 994 451 1043; x_wconf 89' lang='lat' dir='ltr'>corrasum</span> <span class='ocrx_word' id='word_1_47' title='bbox 476 981 570 1038; x_wconf 85' lang='lat' dir='ltr'>esset.</span> 
     </span>
    </p>

    <p class='ocr_par' dir='ltr' id='par_1_4' title="bbox 256 1085 1332 3800">
     <span class='ocr_line' id='line_1_9' title="bbox 384 1085 1324 1170; baseline 0 -22"><span class='ocrx_word' id='word_1_48' title='bbox 384 1085 459 1148; x_wconf 83' lang='lat' dir='ltr'>Jam</span> <span class='ocrx_word' id='word_1_49' title='bbox 483 1102 564 1148; x_wconf 91' lang='lat' dir='ltr'>vero</span> <span class='ocrx_word' id='word_1_50' title='bbox 587 1103 719 1149; x_wconf 90' lang='lat' dir='ltr'>summa</span> <span class='ocrx_word' id='word_1_51' title='bbox 743 1085 842 1148; x_wconf 90' lang='lat' dir='ltr'>totius</span> <span class='ocrx_word' id='word_1_52' title='bbox 873 1085 1033 1150; x_wconf 82' lang='lat' dir='ltr'>historiae</span> <span class='ocrx_word' id='word_1_53' title='bbox 1056 1095 1089 1149; x_wconf 89' lang='lat' dir='ltr'>et</span> <span class='ocrx_word' id='word_1_54' title='bbox 1110 1086 1207 1169; x_wconf 85' lang='lat' dir='ltr'>quasi</span> <span class='ocrx_word' id='word_1_55' title='bbox 1227 1106 1324 1170; x_wconf 89' lang='lat' dir='ltr'>argu-</span> 
     </span>
     <span class='ocr_line' id='line_1_10' title="bbox 280 1193 1323 1280; baseline 0.004 -23"><span class='ocrx_word' id='word_1_56' title='bbox 280 1195 383 1258; x_wconf 85' lang='lat' dir='ltr'>menti</span> <span class='ocrx_word' id='word_1_57' title='bbox 406 1199 515 1278; x_wconf 88' lang='lat' dir='ltr'>caput,</span> <span class='ocrx_word' id='word_1_58' title='bbox 538 1194 626 1258; x_wconf 92' lang='grc'><strong>6616</strong></span> <span class='ocrx_word' id='word_1_59' title='bbox 642 1193 832 1258; x_wconf 90' lang='lat' dir='ltr'>Herodotus</span> <span class='ocrx_word' id='word_1_60' title='bbox 856 1195 1076 1280; x_wconf 89' lang='lat' dir='ltr'>proficiscitur</span> <span class='ocrx_word' id='word_1_61' title='bbox 1100 1213 1209 1278; x_wconf 87' lang='lat' dir='ltr'>eoque</span> <span class='ocrx_word' id='word_1_62' title='bbox 1234 1196 1323 1262; x_wconf 90' lang='lat' dir='ltr'>dein-</span> 
     </span>
     <span class='ocr_line' id='line_1_11' title="bbox 282 1303 1322 1390; baseline 0.003 -24"><span class='ocrx_word' id='word_1_63' title='bbox 282 1322 357 1386; x_wconf 83' lang='lat' dir='ltr'>ceps</span> <span class='ocrx_word' id='word_1_64' title='bbox 388 1303 482 1388; x_wconf 89' lang='lat' dir='ltr'>redit,</span> <span class='ocrx_word' id='word_1_65' title='bbox 512 1304 610 1368; x_wconf 88' lang='lat' dir='ltr'>facile</span> <span class='ocrx_word' id='word_1_66' title='bbox 640 1304 675 1366; x_wconf 91' lang='lat' dir='ltr'>in</span> <span class='ocrx_word' id='word_1_67' title='bbox 705 1320 744 1368; x_wconf 90' lang='lat' dir='ltr'>ao</span> <span class='ocrx_word' id='word_1_68' title='bbox 778 1305 934 1390; x_wconf 88' lang='lat' dir='ltr'>cernitur,</span> <span class='ocrx_word' id='word_1_69' title='bbox 969 1304 1058 1388; x_wconf 90' lang='lat' dir='ltr'>quod</span> <span class='ocrx_word' id='word_1_70' title='bbox 1087 1307 1122 1368; x_wconf 91' lang='lat' dir='ltr'>in</span> <span class='ocrx_word' id='word_1_71' title='bbox 1151 1309 1322 1389; x_wconf 90' lang='lat' dir='ltr'>prooemio</span> 
     </span>
     <span class='ocr_line' id='line_1_12' title="bbox 281 1411 1324 1500; baseline 0.007 -26"><span class='ocrx_word' id='word_1_72' title='bbox 281 1413 352 1496; x_wconf 87' lang='lat' dir='ltr'>ipse</span> <span class='ocrx_word' id='word_1_73' title='bbox 385 1411 472 1496; x_wconf 88' lang='lat' dir='ltr'>dicit,</span> <span class='ocrx_word' id='word_1_74' title='bbox 501 1430 537 1475; x_wconf 90' lang='lat' dir='ltr'>se</span> <span class='ocrx_word' id='word_1_75' title='bbox 561 1412 648 1476; x_wconf 86' lang='lat' dir='ltr'>vella</span> <span class='ocrx_word' id='word_1_76' title='bbox 679 1413 868 1478; x_wconf 77' lang='lat' dir='ltr'>describere</span> <span class='ocrx_word' id='word_1_77' title='bbox 899 1415 990 1478; x_wconf 87' lang='lat' dir='ltr'>bella</span> <span class='ocrx_word' id='word_1_78' title='bbox 1021 1415 1260 1500; x_wconf 75' lang='lat' dir='ltr'>quae&#39;Graeci</span> <span class='ocrx_word' id='word_1_79' title='bbox 1290 1422 1324 1481; x_wconf 91' lang='lat' dir='ltr'>et</span> 
     </span>
     <span class='ocr_line' id='line_1_13' title="bbox 282 1505 1321 1611; baseline 0.006 -27"><span class='ocrx_word' id='word_1_80' title='bbox 282 1520 419 1585; x_wconf 88' lang='lat' dir='ltr'>barbari</span> <span class='ocrx_word' id='word_1_81' title='bbox 434 1522 519 1584; x_wconf 87' lang='lat' dir='ltr'>inter</span> <span class='ocrx_word' id='word_1_82' title='bbox 534 1540 569 1586; x_wconf 89' lang='lat' dir='ltr'>se</span> <span class='ocrx_word' id='word_1_83' title='bbox 585 1524 762 1604; x_wconf 85' lang='lat' dir='ltr'>gesseriut;</span> <span class='ocrx_word' id='word_1_84' title='bbox 786 1505 838 1587; x_wconf 89' lang='lat' dir='ltr'>hio</span> <span class='ocrx_word' id='word_1_85' title='bbox 855 1541 933 1608; x_wconf 82' lang='lat' dir='ltr'>argo</span> <span class='ocrx_word' id='word_1_86' title='bbox 950 1531 1008 1610; x_wconf 86' lang='lat' dir='ltr'>est,</span> <span class='ocrx_word' id='word_1_87' title='bbox 1031 1531 1068 1589; x_wconf 91' lang='lat' dir='ltr'>ut</span> <span class='ocrx_word' id='word_1_88' title='bbox 1090 1542 1148 1591; x_wconf 88' lang='lat' dir='ltr'>nos</span> <span class='ocrx_word' id='word_1_89' title='bbox 1171 1525 1321 1611; x_wconf 86' lang='lat' dir='ltr'>dicimus,</span> 
     </span>
     <span class='ocr_line' id='line_1_14' title="bbox 281 1619 1332 1716; baseline 0.007 -25"><span class='ocrx_word' id='word_1_90' title='bbox 281 1631 376 1712; x_wconf 88' lang='lat' dir='ltr'>quasi</span> <span class='ocrx_word' id='word_1_91' title='bbox 400 1636 545 1714; x_wconf 87' lang='lat' dir='ltr'>truueus,</span> <span class='ocrx_word' id='word_1_92' title='bbox 569 1631 656 1696; x_wconf 91' lang='lat' dir='ltr'>unde</span> <span class='ocrx_word' id='word_1_93' title='bbox 673 1637 786 1695; x_wconf 87' lang='lat' dir='ltr'>cetera</span> <span class='ocrx_word' id='word_1_94' title='bbox 809 1635 921 1698; x_wconf 90' lang='lat' dir='ltr'>omnia</span> <span class='ocrx_word' id='word_1_95' title='bbox 944 1639 1117 1716; x_wconf 78' lang='lat' dir='ltr'>tamquam</span> <span class='ocrx_word' id='word_1_96' title='bbox 1136 1637 1224 1698; x_wconf 85' lang='lat' dir='ltr'>rami</span> <span class='ocrx_word' id='word_1_97' title='bbox 1246 1619 1332 1698; x_wconf 48' lang='lat' dir='ltr'>ena-¹</span> 
     </span>
     <span class='ocr_line' id='line_1_15' title="bbox 279 1739 1319 1824; baseline 0.004 -21"><span class='ocrx_word' id='word_1_98' title='bbox 279 1744 415 1803; x_wconf 84' lang='lat' dir='ltr'>suuntur</span> <span class='ocrx_word' id='word_1_99' title='bbox 431 1745 464 1803; x_wconf 88' lang='lat' dir='ltr'>et</span> <span class='ocrx_word' id='word_1_100' title='bbox 480 1739 700 1823; x_wconf 86' lang='lat' dir='ltr'>frondescunt,</span> <span class='ocrx_word' id='word_1_101' title='bbox 716 1759 782 1824; x_wconf 94' lang='lat' dir='ltr'>quo</span> <span class='ocrx_word' id='word_1_102' title='bbox 797 1747 903 1804; x_wconf 87' lang='lat' dir='ltr'>toturn</span> <span class='ocrx_word' id='word_1_103' title='bbox 918 1759 1000 1823; x_wconf 91' lang='lat' dir='ltr'>opus</span> <span class='ocrx_word' id='word_1_104' title='bbox 1012 1743 1157 1822; x_wconf 88' lang='lat' dir='ltr'>simplex</span> <span class='ocrx_word' id='word_1_105' title='bbox 1170 1748 1203 1805; x_wconf 89' lang='grc'>61</span> <span class='ocrx_word' id='word_1_106' title='bbox 1216 1763 1319 1807; x_wconf 90' lang='lat' dir='ltr'>unum</span> 
     </span>
     <span class='ocr_line' id='line_1_16' title="bbox 280 1849 1319 1930; baseline 0.002 -18"><span class='ocrx_word' id='word_1_107' title='bbox 280 1849 429 1913; x_wconf 87' lang='lat' dir='ltr'>efficitur.</span> <span class='ocrx_word' id='word_1_108' title='bbox 480 1849 681 1914; x_wconf 86' lang='lat' dir='ltr'>Rectissime</span> <span class='ocrx_word' id='word_1_109' title='bbox 711 1852 810 1930; x_wconf 87' lang='lat' dir='ltr'>igitur</span> <span class='ocrx_word' id='word_1_110' title='bbox 843 1850 924 1912; x_wconf 91' lang='lat' dir='ltr'>dicit</span> <span class='ocrx_word' id='word_1_111' title='bbox 958 1849 1000 1913; x_wconf 87' lang='lat' dir='ltr'>H.</span> <span class='ocrx_word' id='word_1_112' title='bbox 1036 1849 1220 1929; x_wconf 75' lang='lat' dir='ltr'>Waitius¹jz</span> <span class='ocrx_word' id='word_1_113' title='bbox 1256 1852 1319 1914; x_wconf 91' lang='lat' dir='ltr'>Les</span> 
     </span>
     <span class='ocr_line' id='line_1_17' title="bbox 280 1957 1320 2044; baseline 0.001 -23"><span class='ocrx_word' id='word_1_114' title='bbox 280 1961 360 2022; x_wconf 90' lang='lat' dir='ltr'>trois</span> <span class='ocrx_word' id='word_1_115' title='bbox 376 1957 524 2024; x_wconf 87' lang='lat' dir='ltr'>dernicrs</span> <span class='ocrx_word' id='word_1_116' title='bbox 540 1959 643 2022; x_wconf 79' lang='lat' dir='ltr'>liures</span> <span class='ocrx_word' id='word_1_117' title='bbox 659 1964 731 2022; x_wconf 89' lang='lat' dir='ltr'>sont</span> <span class='ocrx_word' id='word_1_118' title='bbox 747 1960 779 2022; x_wconf 93' lang='lat' dir='ltr'>le</span> <span class='ocrx_word' id='word_1_119' title='bbox 796 1964 1054 2022; x_wconf 86' lang='lat' dir='ltr'>comounement</span> <span class='ocrx_word' id='word_1_120' title='bbox 1076 1958 1119 2023; x_wconf 96' lang='grc'>16</span> <span class='ocrx_word' id='word_1_121' title='bbox 1140 1959 1320 2044; x_wconf 80' lang='lat' dir='ltr'>l&#39;ouvraga,</span> 
     </span>
     <span class='ocr_line' id='line_1_18' title="bbox 280 2067 1320 2154; baseline 0 -22"><span class='ocrx_word' id='word_1_122' title='bbox 280 2073 313 2132; x_wconf 90' lang='lat' dir='ltr'>et</span> <span class='ocrx_word' id='word_1_123' title='bbox 336 2069 400 2133; x_wconf 86' lang='lat' dir='ltr'>l’on</span> <span class='ocrx_word' id='word_1_124' title='bbox 423 2088 477 2133; x_wconf 85' lang='lat' dir='ltr'>ure</span> <span class='ocrx_word' id='word_1_125' title='bbox 500 2067 707 2154; x_wconf 85' lang='lat' dir='ltr'>persuadere</span> <span class='ocrx_word' id='word_1_126' title='bbox 729 2068 957 2133; x_wconf 87' lang='lat' dir='ltr'>difficilement</span> <span class='ocrx_word' id='word_1_127' title='bbox 981 2069 1077 2154; x_wconf 87' lang='lat' dir='ltr'>qu&#39;eu</span> <span class='ocrx_word' id='word_1_128' title='bbox 1096 2069 1145 2133; x_wconf 90' lang='lat' dir='ltr'>les</span> <span class='ocrx_word' id='word_1_129' title='bbox 1165 2069 1320 2154; x_wconf 76' lang='lat' dir='ltr'>derivant,</span> 
     </span>
     <span class='ocr_line' id='line_1_19' title="bbox 280 2179 1322 2261; baseline 0 -19"><span class='ocrx_word' id='word_1_130' title='bbox 280 2179 422 2243; x_wconf 86' lang='lat' dir='ltr'>l’auteur</span> <span class='ocrx_word' id='word_1_131' title='bbox 439 2179 562 2243; x_wconf 84' lang='lat' dir='ltr'>u‘avait</span> <span class='ocrx_word' id='word_1_132' title='bbox 578 2198 636 2260; x_wconf 90' lang='lat' dir='ltr'>pas</span> <span class='ocrx_word' id='word_1_133' title='bbox 652 2197 772 2243; x_wconf 87' lang='lat' dir='ltr'>encore</span> <span class='ocrx_word' id='word_1_134' title='bbox 789 2198 893 2255; x_wconf 78' lang='lat' dir='ltr'>conco</span> <span class='ocrx_word' id='word_1_135' title='bbox 908 2180 939 2243; x_wconf 88' lang='lat' dir='ltr'>le</span> <span class='ocrx_word' id='word_1_136' title='bbox 956 2181 1032 2261; x_wconf 89' lang='lat' dir='ltr'>plan</span> <span class='ocrx_word' id='word_1_137' title='bbox 1057 2179 1099 2243; x_wconf 92' lang='grc'>16</span> <span class='ocrx_word' id='word_1_138' title='bbox 1122 2179 1322 2243; x_wconf 87' lang='lat' dir='ltr'>l’ensemble.</span> 
     </span>
     <span class='ocr_line' id='line_1_20' title="bbox 281 2287 1321 2375; baseline 0.001 -24"><span class='ocrx_word' id='word_1_139' title='bbox 281 2287 370 2373; x_wconf 71' lang='lat' dir='ltr'>Quid</span> <span class='ocrx_word' id='word_1_140' title='bbox 393 2289 504 2352; x_wconf 81' lang='lat' dir='ltr'>enim?</span> <span class='ocrx_word' id='word_1_141' title='bbox 535 2291 610 2372; x_wconf 89' lang='lat' dir='ltr'>quis</span> <span class='ocrx_word' id='word_1_142' title='bbox 642 2295 692 2354; x_wconf 89' lang='lat' dir='ltr'>est</span> <span class='ocrx_word' id='word_1_143' title='bbox 722 2290 780 2372; x_wconf 90' lang='lat' dir='ltr'>qui</span> <span class='ocrx_word' id='word_1_144' title='bbox 803 2290 984 2375; x_wconf 83' lang='lat' dir='ltr'>existimet,</span> <span class='ocrx_word' id='word_1_145' title='bbox 1006 2288 1216 2352; x_wconf 90' lang='lat' dir='ltr'>Herodotum</span> <span class='ocrx_word' id='word_1_146' title='bbox 1239 2306 1321 2369; x_wconf 92' lang='lat' dir='ltr'>opus</span> 
     </span>
     <span class='ocr_line' id='line_1_21' title="bbox 282 2397 1322 2483; baseline 0 -23"><span class='ocrx_word' id='word_1_147' title='bbox 282 2397 372 2482; x_wconf 89' lang='lat' dir='ltr'>quod</span> <span class='ocrx_word' id='word_1_148' title='bbox 396 2417 484 2462; x_wconf 91' lang='lat' dir='ltr'>nuuc</span> <span class='ocrx_word' id='word_1_149' title='bbox 504 2399 674 2483; x_wconf 88' lang='lat' dir='ltr'>habemus,</span> <span class='ocrx_word' id='word_1_150' title='bbox 697 2401 794 2481; x_wconf 88' lang='lat' dir='ltr'>quasi</span> <span class='ocrx_word' id='word_1_151' title='bbox 809 2399 1001 2481; x_wconf 87' lang='lat' dir='ltr'>singulatim</span> <span class='ocrx_word' id='word_1_152' title='bbox 1017 2398 1225 2480; x_wconf 88' lang='lat' dir='ltr'>singularum</span> <span class='ocrx_word' id='word_1_153' title='bbox 1248 2417 1322 2480; x_wconf 87' lang='lat' dir='ltr'>par-</span> 
     </span>
     <span class='ocr_line' id='line_1_22' title="bbox 281 2508 1321 2590; baseline 0 -18"><span class='ocrx_word' id='word_1_154' title='bbox 281 2510 367 2572; x_wconf 91' lang='lat' dir='ltr'>tium</span> <span class='ocrx_word' id='word_1_155' title='bbox 397 2509 525 2573; x_wconf 88' lang='lat' dir='ltr'>ratione</span> <span class='ocrx_word' id='word_1_156' title='bbox 548 2527 612 2572; x_wconf 93' lang='lat' dir='ltr'>non</span> <span class='ocrx_word' id='word_1_157' title='bbox 642 2508 759 2573; x_wconf 89' lang='lat' dir='ltr'>habita</span> <span class='ocrx_word' id='word_1_158' title='bbox 782 2509 1035 2590; x_wconf 80' lang='lat' dir='ltr'>conscripsisse?</span> <span class='ocrx_word' id='word_1_159' title='bbox 1068 2509 1234 2590; x_wconf 81' lang='lat' dir='ltr'>Equidem</span> <span class='ocrx_word' id='word_1_160' title='bbox 1258 2509 1321 2572; x_wconf 92' lang='lat' dir='ltr'>hoc</span> 
     </span>
     <span class='ocr_line' id='line_1_23' title="bbox 283 2617 1323 2704; baseline -0.003 -20"><span class='ocrx_word' id='word_1_161' title='bbox 283 2639 416 2704; x_wconf 89' lang='lat' dir='ltr'>prorsus</span> <span class='ocrx_word' id='word_1_162' title='bbox 447 2621 651 2704; x_wconf 87' lang='lat' dir='ltr'>negaverim,</span> <span class='ocrx_word' id='word_1_163' title='bbox 685 2626 799 2683; x_wconf 87' lang='lat' dir='ltr'>eontra</span> <span class='ocrx_word' id='word_1_164' title='bbox 828 2621 1048 2682; x_wconf 89' lang='lat' dir='ltr'>rectissimum</span> <span class='ocrx_word' id='word_1_165' title='bbox 1078 2619 1159 2682; x_wconf 90' lang='lat' dir='ltr'>mihi</span> <span class='ocrx_word' id='word_1_166' title='bbox 1191 2617 1323 2682; x_wconf 85' lang='lat' dir='ltr'>videtur</span> 
     </span>
     <span class='ocr_line' id='line_1_24' title="bbox 281 2727 1323 2822; baseline -0.002 -28"><span class='ocrx_word' id='word_1_167' title='bbox 281 2749 363 2815; x_wconf 86' lang='lat' dir='ltr'>essa,</span> <span class='ocrx_word' id='word_1_168' title='bbox 387 2730 475 2814; x_wconf 93' lang='lat' dir='ltr'>quod</span> <span class='ocrx_word' id='word_1_169' title='bbox 500 2729 542 2794; x_wconf 91' lang='lat' dir='ltr'>H.</span> <span class='ocrx_word' id='word_1_170' title='bbox 559 2729 700 2795; x_wconf 77' lang='lat' dir='ltr'>Sicinius</span> <span class='ocrx_word' id='word_1_171' title='bbox 715 2731 748 2793; x_wconf 90' lang='lat' dir='ltr'>in</span> <span class='ocrx_word' id='word_1_172' title='bbox 764 2729 970 2822; x_wconf 84' lang='lat' dir='ltr'>praefatione</span> <span class='ocrx_word' id='word_1_173' title='bbox 993 2727 1147 2793; x_wconf 85' lang='lat' dir='ltr'>editionis</span> <span class='ocrx_word' id='word_1_174' title='bbox 1163 2728 1323 2792; x_wconf 90' lang='lat' dir='ltr'>Herodoti</span> 
     </span>
     <span class='ocr_line' id='line_1_25' title="bbox 278 2837 1322 2924; baseline 0 -20"><span class='ocrx_word' id='word_1_175' title='bbox 278 2843 312 2904; x_wconf 90' lang='lat' dir='ltr'>in</span> <span class='ocrx_word' id='word_1_176' title='bbox 336 2858 431 2904; x_wconf 89' lang='lat' dir='ltr'>usum</span> <span class='ocrx_word' id='word_1_177' title='bbox 456 2839 645 2902; x_wconf 88' lang='lat' dir='ltr'>scholarum</span> <span class='ocrx_word' id='word_1_178' title='bbox 662 2839 806 2920; x_wconf 86' lang='lat' dir='ltr'>scriptae</span> <span class='ocrx_word' id='word_1_179' title='bbox 825 2837 958 2924; x_wconf 85' lang='lat' dir='ltr'>iudicat,</span> <span class='ocrx_word' id='word_1_180' title='bbox 980 2838 1171 2920; x_wconf 84' lang='lat' dir='ltr'>ingentibus</span> <span class='ocrx_word' id='word_1_181' title='bbox 1193 2839 1228 2901; x_wconf 91' lang='lat' dir='ltr'>in</span> <span class='ocrx_word' id='word_1_182' title='bbox 1251 2857 1322 2904; x_wconf 86' lang='lat' dir='ltr'>rem</span> 
     </span>
     <span class='ocr_line' id='line_1_26' title="bbox 279 2945 1324 3031; baseline -0.002 -20"><span class='ocrx_word' id='word_1_183' title='bbox 279 2949 466 3012; x_wconf 85' lang='lat' dir='ltr'>literarium</span> <span class='ocrx_word' id='word_1_184' title='bbox 483 2947 611 3011; x_wconf 89' lang='lat' dir='ltr'>meritis</span> <span class='ocrx_word' id='word_1_185' title='bbox 627 2947 789 3028; x_wconf 83' lang='lat' dir='ltr'>insignem</span> <span class='ocrx_word' id='word_1_186' title='bbox 806 2965 876 3010; x_wconf 87' lang='lat' dir='ltr'>esse</span> <span class='ocrx_word' id='word_1_187' title='bbox 890 2945 1106 3031; x_wconf 85' lang='lat' dir='ltr'>Herodotum,</span> <span class='ocrx_word' id='word_1_188' title='bbox 1122 2945 1211 3029; x_wconf 90' lang='lat' dir='ltr'>quod</span> <span class='ocrx_word' id='word_1_189' title='bbox 1229 2947 1324 3010; x_wconf 90' lang='lat' dir='ltr'>uber-</span> 
     </span>
     <span class='ocr_line' id='line_1_27' title="bbox 256 3055 1323 3139; baseline -0.004 -16"><span class='ocrx_word' id='word_1_190' title='bbox 256 3061 399 3124; x_wconf 82' lang='lat' dir='ltr'>rimam</span> <span class='ocrx_word' id='word_1_191' title='bbox 423 3059 572 3122; x_wconf 89' lang='lat' dir='ltr'>maxime</span> <span class='ocrx_word' id='word_1_192' title='bbox 594 3058 765 3121; x_wconf 88' lang='lat' dir='ltr'>variarum</span> <span class='ocrx_word' id='word_1_193' title='bbox 795 3076 905 3120; x_wconf 91' lang='lat' dir='ltr'>rerum</span> <span class='ocrx_word' id='word_1_194' title='bbox 930 3059 1061 3139; x_wconf 89' lang='lat' dir='ltr'>copiam</span> <span class='ocrx_word' id='word_1_195' title='bbox 1085 3055 1219 3120; x_wconf 83' lang='lat' dir='ltr'>vinculo</span> <span class='ocrx_word' id='word_1_196' title='bbox 1243 3073 1323 3138; x_wconf 92' lang='lat' dir='ltr'>quo·</span> 
     </span>
     <span class='ocr_line' id='line_1_28' title="bbox 282 3165 1323 3248; baseline -0.004 -16"><span class='ocrx_word' id='word_1_197' title='bbox 282 3167 360 3232; x_wconf 89' lang='lat' dir='ltr'>dam</span> <span class='ocrx_word' id='word_1_198' title='bbox 383 3169 551 3232; x_wconf 89' lang='lat' dir='ltr'>communi</span> <span class='ocrx_word' id='word_1_199' title='bbox 567 3165 818 3248; x_wconf 88' lang='lat' dir='ltr'>complectendo</span> <span class='ocrx_word' id='word_1_200' title='bbox 841 3167 874 3229; x_wconf 91' lang='lat' dir='ltr'>iu</span> <span class='ocrx_word' id='word_1_201' title='bbox 898 3186 1002 3229; x_wconf 92' lang='lat' dir='ltr'>unum</span> <span class='ocrx_word' id='word_1_202' title='bbox 1026 3184 1145 3246; x_wconf 90' lang='lat' dir='ltr'>corpus</span> <span class='ocrx_word' id='word_1_203' title='bbox 1169 3165 1323 3228; x_wconf 87' lang='lat' dir='ltr'>omnibus</span> 
     </span>
     <span class='ocr_line' id='line_1_29' title="bbox 280 3273 1323 3362; baseline -0.005 -21"><span class='ocrx_word' id='word_1_204' title='bbox 280 3279 429 3342; x_wconf 90' lang='lat' dir='ltr'>numeris</span> <span class='ocrx_word' id='word_1_205' title='bbox 444 3282 477 3341; x_wconf 86' lang='lat' dir='ltr'>et</span> <span class='ocrx_word' id='word_1_206' title='bbox 492 3278 644 3362; x_wconf 89' lang='lat' dir='ltr'>partibus</span> <span class='ocrx_word' id='word_1_207' title='bbox 660 3276 851 3340; x_wconf 85' lang='lat' dir='ltr'>absolutum</span> <span class='ocrx_word' id='word_1_208' title='bbox 867 3278 1117 3359; x_wconf 87' lang='lat' dir='ltr'>perfectumque</span> <span class='ocrx_word' id='word_1_209' title='bbox 1138 3273 1323 3356; x_wconf 73' lang='lat' dir='ltr'>redegerit,</span> 
     </span>
     <span class='ocr_line' id='line_1_30' title="bbox 281 3385 1323 3471; baseline -0.003 -20"><span class='ocrx_word' id='word_1_210' title='bbox 281 3387 370 3471; x_wconf 90' lang='lat' dir='ltr'>quod</span> <span class='ocrx_word' id='word_1_211' title='bbox 393 3393 506 3451; x_wconf 90' lang='lat' dir='ltr'>autem</span> <span class='ocrx_word' id='word_1_212' title='bbox 529 3387 587 3450; x_wconf 91' lang='lat' dir='ltr'>ille</span> <span class='ocrx_word' id='word_1_213' title='bbox 611 3385 731 3450; x_wconf 89' lang='lat' dir='ltr'>eodem</span> <span class='ocrx_word' id='word_1_214' title='bbox 754 3386 828 3450; x_wconf 91' lang='grc'><strong>1666</strong></span> <span class='ocrx_word' id='word_1_215' title='bbox 849 3385 950 3471; x_wconf 79' lang='grc'><strong>61111,</strong></span> <span class='ocrx_word' id='word_1_216' title='bbox 973 3385 1180 3450; x_wconf 86' lang='lat' dir='ltr'>Herodotum</span> <span class='ocrx_word' id='word_1_217' title='bbox 1204 3385 1246 3448; x_wconf 91' lang='lat' dir='ltr'>ad</span> <span class='ocrx_word' id='word_1_218' title='bbox 1270 3401 1323 3448; x_wconf 86' lang='lat' dir='ltr'>res</span> 
     </span>
     <span class='ocr_line' id='line_1_31' title="bbox 281 3495 1321 3579; baseline -0.008 -17"><span class='ocrx_word' id='word_1_219' title='bbox 281 3501 389 3579; x_wconf 83' lang='lat' dir='ltr'>gestas</span> <span class='ocrx_word' id='word_1_220' title='bbox 419 3495 659 3560; x_wconf 86' lang='lat' dir='ltr'>examinandas</span> <span class='ocrx_word' id='word_1_221' title='bbox 689 3501 722 3558; x_wconf 90' lang='grc'>61</span> <span class='ocrx_word' id='word_1_222' title='bbox 753 3495 996 3577; x_wconf 87' lang='lat' dir='ltr'>comparandas</span> <span class='ocrx_word' id='word_1_223' title='bbox 1025 3497 1111 3557; x_wconf 92' lang='lat' dir='ltr'>inter</span> <span class='ocrx_word' id='word_1_224' title='bbox 1141 3512 1175 3556; x_wconf 90' lang='lat' dir='ltr'>se</span> <span class='ocrx_word' id='word_1_225' title='bbox 1203 3511 1321 3575; x_wconf 89' lang='lat' dir='ltr'>parum</span> 
     </span>
     <span class='ocr_line' id='line_1_32' title="bbox 281 3603 1324 3690; baseline -0.003 -21"><span class='ocrx_word' id='word_1_226' title='bbox 281 3606 472 3688; x_wconf 82' lang='lat' dir='ltr'>diligentiae</span> <span class='ocrx_word' id='word_1_227' title='bbox 495 3603 698 3690; x_wconf 86' lang='lat' dir='ltr'>adhibuisse,</span> <span class='ocrx_word' id='word_1_228' title='bbox 727 3607 833 3668; x_wconf 89' lang='lat' dir='ltr'>itaut</span> <span class='ocrx_word' id='word_1_229' title='bbox 857 3606 979 3667; x_wconf 89' lang='lat' dir='ltr'>multas</span> <span class='ocrx_word' id='word_1_230' title='bbox 1009 3622 1074 3667; x_wconf 88' lang='lat' dir='ltr'>non</span> <span class='ocrx_word' id='word_1_231' title='bbox 1098 3603 1141 3666; x_wconf 88' lang='lat' dir='ltr'>ad</span> <span class='ocrx_word' id='word_1_232' title='bbox 1164 3603 1324 3667; x_wconf 86' lang='lat' dir='ltr'>historiae</span> 
     </span>
     <span class='ocr_line' id='line_1_33' title="bbox 281 3713 1278 3800; baseline -0.003 -21"><span class='ocrx_word' id='word_1_233' title='bbox 281 3714 380 3780; x_wconf 86' lang='lat' dir='ltr'>iidem</span> <span class='ocrx_word' id='word_1_234' title='bbox 404 3715 581 3800; x_wconf 87' lang='lat' dir='ltr'>describat,</span> <span class='ocrx_word' id='word_1_235' title='bbox 603 3715 651 3779; x_wconf 90' lang='lat' dir='ltr'>eis</span> <span class='ocrx_word' id='word_1_236' title='bbox 675 3733 763 3798; x_wconf 88' lang='lat' dir='ltr'>quae</span> <span class='ocrx_word' id='word_1_237' title='bbox 786 3715 872 3778; x_wconf 90' lang='lat' dir='ltr'>infra</span> <span class='ocrx_word' id='word_1_238' title='bbox 895 3714 1044 3778; x_wconf 90' lang='lat' dir='ltr'>dicemus</span> <span class='ocrx_word' id='word_1_239' title='bbox 1067 3713 1278 3777; x_wconf 87' lang='lat' dir='ltr'>refutabitur.</span> 
     </span>
    </p>
   </div>
   <div class='ocr_carea' id='block_1_4' title="bbox 385 3938 1217 4012">
    <p class='ocr_par' dir='ltr' id='par_1_5' title="bbox 385 3938 1217 4012">
     <span class='ocr_line' id='line_1_34' title="bbox 385 3938 1217 4012; baseline -0.002 -18"><span class='ocrx_word' id='word_1_240' title='bbox 385 3944 410 4012; x_wconf 81' lang='lat'>¹)</span> <span class='ocrx_word' id='word_1_241' title='bbox 446 3943 541 3996; x_wconf 82' lang='lat' dir='ltr'>Revue</span> <span class='ocrx_word' id='word_1_242' title='bbox 559 3942 676 4010; x_wconf 87' lang='lat' dir='ltr'>critique</span> <span class='ocrx_word' id='word_1_243' title='bbox 696 3941 841 3995; x_wconf 83' lang='lat' dir='ltr'>d&#39;histoire</span> <span class='ocrx_word' id='word_1_244' title='bbox 860 3945 888 3994; x_wconf 84' lang='lat' dir='ltr'>et</span> <span class='ocrx_word' id='word_1_245' title='bbox 907 3941 941 3994; x_wconf 89' lang='lat' dir='ltr'>de</span> <span class='ocrx_word' id='word_1_246' title='bbox 959 3939 1123 4009; x_wconf 71' lang='lat' dir='ltr'>litterature,</span> <span class='ocrx_word' id='word_1_247' title='bbox 1142 3938 1217 3992; x_wconf 70' lang='lat'><strong>1878.</strong></span> 
     </span>
    </p>
   </div>
   <div class='ocr_carea' id='block_1_5' title="bbox 0 0 1594 4884">
    <p class='ocr_par' dir='ltr' id='par_1_6' title="bbox 0 0 1594 4884">
     <span class='ocr_line' id='line_1_35' title="bbox 0 0 1594 4884; baseline 0 0"><span class='ocrx_word' id='word_1_248' title='bbox 0 0 1594 4884; x_wconf 95' lang='lat' dir='ltr'> </span> 
     </span>
    </p>
   </div>
  </div>
 </body>
</html>
