3176 4886
703 333 857 429 —t-t*

263 505 299 571 δὲ
329 505 358 569 οἱ
390 509 448 586 (so.
479 502 596 590 Ἀπρίῃ
625 510 670 596 τῷ
699 502 868 589 Ψάμμιος)
898 501 969 567 ἔδεε
998 510 1109 594 κακῶς
1138 502 1300 588 γενέσθαι,

257 615 381 702 Ιἐγίνετο
413 617 478 679 ἀπὸ
508 613 686 699 προφάσιος
716 617 773 699 τὴν
804 614 868 699 ἐγὼ
900 611 1041 697 μεζόνως
1072 613 1127 698 μὲν
1158 613 1191 677 ἐν
1220 618 1302 677 τοῖσι

262 725 429 814 Λιβυκοῖσι
443 724 568 810 λόγοισι
583 723 801 810 ἀπηγήσομαι,
827 721 958 808 μετρίως
974 716 1003 786 δ’
1019 723 1051 787 ἐν
1074 729 1118 809 τῷ
1141 716 1302 808 παρεόντι.

260 837 319 900 His
343 839 431 900 enim
454 835 567 898 verbis
583 834 627 898 ad
642 836 817 918 sequentia
838 853 903 899 non
927 836 991 897 nisi
1014 838 1084 897 tum
1107 853 1166 898 nos
1188 835 1301 898 remit·

261 952 333 1011 tere
367 947 514 1030 potuisse
548 943 753 1009 Herodotum
786 963 859 1009 esse
893 945 1103 1026 perspicuum
1138 962 1301 1030 censeam,
1432 1000 1436 1004 .

262 1074 340 1118 curn
374 1055 409 1115 in
445 1053 589 1117 historiis
627 1050 847 1136 Aegyptiacis
888 1051 1133 1116 conscribendis
1166 1071 1302 1116 versans

257 1162 474 1228 ‘commodum
508 1161 556 1247 (ἐν
586 1167 630 1246 τῷ
661 1160 826 1246 παρεόντι)
861 1181 913 1226 res
944 1183 965 1227 a
997 1163 1162 1245 Libyibus
1193 1168 1301 1246 gestas

261 1275 377 1358 postea
399 1272 592 1337 describere
607 1273 641 1334 in
656 1271 768 1335 auimo
793 1272 949 1358 habebat,
972 1290 1036 1336 nou
1059 1291 1135 1334 oum
1159 1273 1224 1335 bae
1247 1271 1300 1335 vel

260 1385 339 1447 ittae
354 1385 423 1446 iam
437 1383 607 1464 perfectae
627 1386 730 1445 erant.
773 1382 972 1446 Rectissime
988 1400 1067 1465 ergo
1083 1382 1122 1447 A.
1138 1382 1301 1448 Boucrum

261 1497 297 1576 (l.
321 1514 350 1558 a.
373 1514 401 1577 p.
425 1494 463 1558 61
490 1513 565 1557 anu.
589 1493 622 1576 1)
649 1492 797 1556 iudicare
820 1493 975 1578 arbitror,
1003 1493 1209 1558 Herodotum
1232 1495 1302 1559 sine

263 1604 363 1667 dubio
384 1603 538 1684 ,consulto
569 1603 602 1664 in
634 1620 659 1665 c.
686 1601 745 1664 145
768 1601 788 1665 l.
810 1601 858 1668 IV
891 1618 1005 1665 vocern
1036 1620 1125 1684 quae
1155 1607 1204 1666 est
1226 1599 1302 1685 πρό-

176 1789 178 1793 ,
264 1733 356 1797 φασις
378 1715 525 1797 iterasse,
548 1713 667 1776 utiam
690 1710 769 1776 iude
788 1713 831 1776 ab
854 1713 956 1797 initia,
979 1711 1066 1776 unde
1088 1729 1140 1776 res
1156 1711 1302 1793 Libycas

263 1822 452 1886 describere
474 1821 599 1905 incipit,
626 1819 815 1904 legentibus
846 1822 881 1884 in
912 1821 1108 1884 memoriam
1137 1821 1302 1901 redigeret

262 1950 302 1993 ea
327 1949 414 2015 quae
438 1934 535 1993 antea
565 1928 732 2013 pollicitus
755 1934 836 1992 erat.
882 1928 946 1992 Sed
971 1929 1025 1991 vat
1046 1927 1123 1991 inde
1145 1929 1301 2011 consequi

262 2047 341 2124 puto
364 2037 575 2102 Herodotum
597 2038 701 2102 libros
717 2056 793 2102 suos
810 2038 928 2103 eodem
944 2055 1045 2121 quem
1070 2056 1154 2100 nunc
1177 2038 1301 2101 habent

265 2146 380 2210 ordine
396 2148 626 2229 composuisse.
670 2149 723 2211 Ex
739 2150 850 2213 verbis
866 2153 977 2212 autem
998 2165 1087 2230 quae
1108 2152 1184 2210 sunt
1207 2145 1300 2230 ἐντῷ

264 2253 414 2340 παρεόντι
437 2256 546 2320 elucet
568 2258 715 2340 cogitare
734 2259 802 2321 'uon
824 2258 934 2342 licere,
956 2277 1008 2321 res
1024 2277 1044 2320 a
1060 2257 1223 2339 Libyibus
1246 2259 1301 2320 vel

263 2366 439 2449 Aegyptiis
462 2372 570 2449 gestas
594 2373 695 2431 antea
717 2368 897 2450 separatim
915 2369 1116 2452 conscriptas
1139 2369 1301 2452 historias,

259 2475 316 2538 sed
348 2476 457 2559 potius
492 2477 560 2539 iam
596 2476 639 2539 ab
669 2477 763 2541 initio
793 2480 921 2558 partem
957 2479 1052 2540 unius
1083 2478 1302 2560 eiusdemque

260 2587 368 2666 operis
391 2587 490 2680 fuisse
513 2566 795 2650 dicendum'esse.

365 2697 469 2759 Porro
493 2696 580 2780 quon
605 2677 795 2761 Herodorus
818 2699 853 2762 a
880 2718 905 2764 ι.
929 2699 970 2762 aa
992 2699 1012 2761 r.
1035 2697 1204 2762 nrt-nat:
1234 2698 1302 2784 εχει
1343 2675 1347 2680 ’

226 2835 230 2840 v
261 2804 296 2868 δὲ
326 2803 343 2867 ό
374 2802 496 2891 μόσχος
525 2805 617 2881 οὗτος
646 2805 663 2868 ό
694 2804 790 2882 Ἀπις
818 2801 1015 2892 καλεόμενος
1041 2805 1161 2892 σημήια
1183 2807 1301 2871 τοιάδε·

261 2913 321 2977 ἐὼν
346 2912 454 2998 μὲλας,
485 2913 537 2977 ἐπὶ
560 2917 615 2998 μὲν
638 2923 682 3001 τῷ
714 2915 850 3000 μετώπῳ
874 2916 992 2981 λευκόν
1014 2937 1042 2981 τι
1063 2915 1226 3001 τρίγωνον,
1249 2916 1301 2981 ἐπὶ

261 3022 296 3087 δὲ
317 3032 374 3086 τοῦ
397 3021 499 3087 νώτου
524 3023 629 3088 αἰετόν
658 3024 855 3112 εἰκασμένον,
886 3026 919 3090 ἐν
943 3025 979 3090 δὲ
999 3035 1038 3111 τῇ
1062 3027 1140 3111 οὐρῇ
1163 3029 1219 3102 τὰς
1240 3024 1302 3111 τρίἡ

260 3155 323 3220 χας
338 3131 464 3215 διπλᾶς,
488 3133 550 3197 ὑπὸ
576 3133 611 3199 δὲ
634 3143 672 3220 τῇ
695 3135 828 3221 γλώσσῃ
853 3137 1030 3221 κάνθαρον,
1052 3137 1196 3201 exsolvit
1211 3137 1300 3219 quod

260 3247 293 3306 in
316 3245 347 3307 o.'
367 3245 409 3308 38
431 3244 452 3307 l.
475 3244 509 3308 Π
531 3246 698 3327 pollicitus
722 3255 779 3331 est,
803 3246 900 3331 unde,
920 3246 955 3310 id
978 3247 1065 3329 quod
1090 3247 1202 3310 multis
1226 3247 1300 3310 aliis

261 3370 397 3436 quoqne
412 3355 492 3418 locis
508 3357 687 3438 assumptis
703 3357 838 3437 probari
854 3357 965 3440 possit,
988 3358 1147 3442 sequitur,
1169 3361 1201 3420 et
1222 3373 1298 3420 eum

259 3463 382 3528 librum
406 3464 439 3528 11
462 3465 551 3530 libro
574 3467 627 3529 III
656 3468 748 3547 prins
772 3467 1012 3551 conscripsisse,
1036 3473 1067 3530 et
1091 3472 1192 3552 caput
1214 3468 1256 3531 38
1281 3467 1299 3531 l.

257 3571 290 3635 ΙΙ
321 3576 518 3639 scribentem
551 3577 683 3658 penitus
714 3575 856 3661 scivisse,
893 3596 981 3660 quae
1018 3578 1052 3639 in
1084 3578 1182 3642 tertio
1212 3577 1298 3642 libro

258 3689 417 3748 secutura
442 3691 558 3752 essent.
601 3684 671 3768 Qui
687 3686 775 3749 enim
792 3687 941 3768 alioquin
957 3687 1080 3750 factum
1105 3703 1177 3749 csse
1200 3685 1300 3769 dicas,

260 3796 351 3856 utin
374 3813 399 3861 c.
422 3796 464 3859 38
488 3794 508 3860 l.
531 3795 564 3858 II
587 3795 715 3879 aliquid
741 3815 776 3859 se
799 3795 1044 3877 descripturum
1068 3813 1140 3859 esse
1162 3796 1299 3880 pollice-

258 3909 358 3989 retur,
382 3905 472 3988 quod
496 3905 641 3970 nondum
665 3909 743 3970 satis
764 3906 907 3970 novisset
937 3911 996 3969 aut
1019 3906 1107 3989 quod
1138 3924 1203 3988 quo
1225 3907 1299 3969 ioco

258 4011 421 4078 insereret
442 4016 608 4079 nesciret?
630 4016 741 4098 Atque
764 4016 976 4081 manifestum
1000 4021 1057 4100 est,
1089 4033 1166 4078 eum
1190 4013 1298 4098 Apim,
