3176 4886
728 261 882 360 *Q-

289 431 409 496 tudinis
439 450 509 496 esse
539 432 629 498 dicas
660 434 821 500 beneficio
844 455 864 500 a
887 436 1147 500 Deceleensibus
1170 440 1206 502 in
1228 441 1327 504 Lace·

288 541 480 607 daemonias
502 543 623 607 collato
647 563 722 607 cnm
742 547 872 610 virtutis
896 547 1013 631 gloria,
1036 567 1138 630 qnam
1155 548 1328 633 Sophanes

287 652 499 716 Deceleensis
521 672 635 737 pugna
656 653 846 719 Plataeensi
870 661 1066 721 consecutus
1089 659 1160 722 est?
1204 656 1328 723 Contra

287 763 314 824 si
337 761 566 826 3113333333
588 767 715 828 attento
732 765 841 828 animo
857 764 970 847 legere
992 770 1202 852 perrexisset,
1223 768 1327 833 Hero-

287 870 402 936 dotum
432 871 595 937 eiusmodi
620 871 841 954 digressiones
871 875 950 956 ipsis
980 876 1106 941 eisdem
1137 878 1326 942 nominibus

288 979 472 1063 adiungere
488 981 596 1045 solere
611 983 801 1046 narratione
817 1001 928 1047 rerum
953 983 997 1047 ad
1020 992 1151 1069 tempus
1175 989 1327 1054 absoluta

285 1091 358 1174 ipso
387 1093 421 1154 in
451 1090 569 1154 eodem
599 1090 684 1156 libro
715 1091 902 1157 invenisset.
946 1094 1044 1177 Nam,
1075 1100 1111 1159 ut
1133 1099 1325 1182 exemplum

286 1199 435 1284 afferam,
457 1201 492 1264 in
515 1201 851 1266 33.108-1141.ΙΧ
873 1205 998 1268 nomini
1015 1206 1161 1281 Masistis
1184 1228 1222 1272 re
1245 1229 1326 1292 qua-

285 1307 364 1372 dam
395 1327 455 1392 per
478 1307 717 1391 digressionem
747 1309 863 1376 addita
892 1331 945 1376 res
976 1317 1008 1377 in
1033 1316 1144 1380 3101
1176 1317 1327 1382 instituta

285 1419 453 1482 133115
483 1435 583 1502 porro
612 1423 783 1485 innotatur.
827 1421 936 1486 Simili
966 1425 1068 1489 modo
1100 1427 1133 1489 in
1163 1445 1189 1489 c.
1220 1428 1326 1492 1211.

285 1527 337 1593 IX
359 1527 402 1591 ad
426 1544 545 1592 nomen
568 1529 765 1612 Archayctis
788 1531 959 1620 digressiO,
982 1537 1016 1598 ln
1040 1555 1066 1599 3.
1089 1536 1152 1599 143
1171 1536 1192 1599 1.
1208 1537 1258 1605 IV
1281 1537 1324 1600 ad

286 1654 405 1700 nomen
421 1637 597 1719 Megabari
613 1635 701 1701 duae
715 1641 988 1706 narratiunculae
1006 1647 1236 1707 annectuntur.
1261 1646 1323 1708 Ae-

288 1766 352 1831 qne
373 1747 408 1811 in
431 1766 458 1811 c.
480 1746 521 1810 23
545 1745 565 1808 l.
587 1745 603 1808 I
633 1747 824 1811 nominibus
849 1747 996 1833 Cypseli,
1011 1755 1042 1812 31
1064 1749 1240 1812 Periandri
1264 1751 1323 1812 illa

286 1858 329 1922 de
361 1858 486 1922 Arione
522 1855 654 1938 prodita
689 1857 853 1920 memoria
890 1857 1103 1940 adiungitur*
1144 1854 1219 1938 Qua
1256 1857 1324 1919 alia

288 1987 388 2032 33333
417 1965 626 2031 Herodotum
658 1967 707 2029 his
738 1967 820 2031 13313
850 1967 1031 2050 impulsum
1061 1985 1132 2030 esse
1163 1965 1262 2052 dicas,
1287 1969 1324 2028 ut

287 2076 507 2160 digressiones
529 2078 605 2141 illas
630 2076 777 2163 adderet,
803 2077 867 2142 nisi
892 2076 980 2160 quod
1006 2079 1036 2141 ei
1059 2078 1135 2143 illos
1158 2080 1247 2142 viros
1269 2095 1324 2141 no-

286 2187 376 2250 mine
399 2187 582 2272 appellanti
611 2187 700 2282 dicta
727 2188 856 2252 factave
879 2204 994 2252 eorum
1017 2191 1204 2251 memoratu
1227 2185 1325 2269 digna

285 2298 319 2359 in
341 2291 529 2378 opinionem
551 2299 738 2362 venerunt?

390 2407 441 2472 31.
484 2407 524 2470 In
554 2407 659 2472 tribus
688 2406 929 2489 posterioribus
960 2407 1053 2471 libris
1083 2410 1216 2489 praeter
1238 2406 1325 2471 locos

287 2519 408 2600 quibus
430 2518 596 2600 expressis
619 2517 730 2581 verbis
760 2515 804 2580 ad
827 2515 1061 2582 antecedentia
1090 2518 1249 2582 reioimnr
1272 2518 1325 2597 (of.

286 2649 389 2710 supra
410 2647 441 2710 p.
462 2630 509 2712 a),
531 2626 642 2708 plures
665 2627 724 2690 alii
747 2627 973 2712 inveniuntur,
996 2629 1118 2711 quibus
1140 2645 1199 2692 nos
1222 2629 1324 2692 Hero-

286 2740 383 2804 dotus
404 2740 503 2822 quasi
530 2739 633 2801 tacite
662 2737 705 2801 ad
736 2723 896 2822 eaquae
926 2738 995 2818 iam
1022 2757 1123 2820 supra
1144 2740 1176 2801 in
1200 2738 1324 2804 eisdem

285 2848 380 2913 libris
412 2845 499 2910 dixit
531 2850 675 2912 revocat.
720 2845 786 2910 Sed
821 2847 979 2929 quoniam
1012 2864 1110 2910 nemo
1143 2848 1325 2930 negaverit,

287 2975 343 3022 eos
365 2957 475 3036 libros,
497 2956 622 3040 qnippe
643 2957 678 3019 in
701 2957 822 3040 quibus
846 2975 951 3019 unum
967 2954 1127 3038 idemque
1150 2973 1325 3036 argumen-

286 3072 367 3152 tum,
392 3068 420 3130 h.
442 3084 469 3132 3.
493 3067 656 3150 expeditio
672 3068 805 3152 Xerxis,
827 3070 997 3151 tractetur,
1018 3067 1086 3130 alio
1101 3083 1142 3129 ac
1162 3065 1222 3148 qni
1237 3083 1325 3128 nnnc

286 3182 393 3243 exstat
413 3177 532 3242 ordine
550 3175 754 3260 ,conscriptos
774 3196 854 3261 esse,
877 3177 957 3242 satis
980 3177 1089 3242 habeo
1110 3180 1229 3240 notare
1250 3175 1324 3240 illos

284 3289 386 3354 locos.
429 3290 575 3353 Pertinet
597 3289 702 3370 igitur
725 3289 791 3352 VII
814 3287 854 3351 81
879 3287 923 3352 ad
946 3287 1011 3353 VII
1035 3289 1087 3372 10,
1116 3285 1207 3351 VIII
1226 3287 1270 3350 67
1282 3285 1324 3348 331

291 3399 362 3466 VII
372 3401 423 3481 99,
454 3398 544 3464 VIII
553 3400 597 3464 92
619 3397 663 3462 331
684 3397 753 3463 VII
764 3399 822 3464 179
839 3403 871 3478 31
887 3397 968 3483 131,Ι
984 3398 1066 3464 VIII
1089 3398 1151 3461 113
1174 3396 1217 3460 ad
1244 3395 1326 3461 VIII

286 3512 359 3596 100,
381 3509 439 3575 IX
450 3511 493 3576 64
508 3507 551 3574 331
572 3507 728 3588 111201,
753 3507 810 3572 IX
822 3507 860 3572 71
884 3508 927 3572 331
956 3507 1028 3574 VII
1044 3507 1118 3586 231,
1142 3505 1200 3570 IX
1218 3507 1259 3570 78
1282 3504 1325 3568 331

292 3619 363 3685 VII
380 3619 453 3701 237,
477 3615 536 3683 IX
553 3618 596 3682 98
620 3615 814 3680 odibilium
837 3615 911 3681 libri
937 3615 1033 3682 VIII.

390 3730 440 3793 32.
484 3725 584 3810 Quod
610 3728 646 3790 13
670 3743 696 3789 3.
720 3723 783 3789 148
813 3725 832 3788 1.
854 3725 889 3788 II
917 3725 1060 3807 legimus
1084 3725 1182 3789 baec:
1213 3721 1241 3785 εἰ
1263 3721 1325 3806 γάρ

284 3861 329 3917 τις
350 3841 391 3904 τὰ
413 3835 447 3916 ἐξ
461 3833 628 3920 Ἑλλήνων
646 3832 755 3921 τείχεά
769 3855 804 3899 τε
820 3833 875 3898 331
891 3835 993 3919 ἔργων
1010 3831 1160 3912 ἀπόδεξιν
1178 3829 1325 3918 συλλογί-

287 3971 387 4035 σαιτο,
409 3941 585 4026 ἐλάσσο3ος
608 3946 709 4012 πόνου
731 3965 766 4012 τε
789 3947 827 4014 ἂν
850 3945 906 4011 331
929 3943 1073 4033 δαπάνης
1096 3942 1207 4030 φανείη
1232 3943 1326 4012 ἐόντα
