<?xml version="1.0" encoding="UTF-8"?>
<!DOCTYPE html PUBLIC "-//W3C//DTD XHTML 1.0 Transitional//EN"
    "http://www.w3.org/TR/xhtml1/DTD/xhtml1-transitional.dtd">
<html xmlns="http://www.w3.org/1999/xhtml" xml:lang="en" lang="en">
 <head>
  <title>
</title>
<meta http-equiv="Content-Type" content="text/html;charset=utf-8" />
  <meta name='ocr-system' content='tesseract 3.04.00' />
  <meta name='ocr-capabilities' content='ocr_page ocr_carea ocr_par ocr_line ocrx_word'/>
</head>
<body>
  <div class='ocr_page' id='page_1' title='image "./herodotushalica00ammegoog_0043.png"; bbox 0 0 3176 4886; ppageno 0'>
   <div class='ocr_carea' id='block_1_1' title="bbox 745 322 899 422">
    <p class='ocr_par' dir='ltr' id='par_1_1' title="bbox 745 322 899 422">
     <span class='ocr_line' id='line_1_1' title="bbox 745 322 899 422; baseline 0 -37"><span class='ocrx_word' id='word_1_1' title='bbox 745 322 899 422; x_wconf 49' lang='lat'>,2⁸-</span> 
     </span>
    </p>
   </div>
   <div class='ocr_carea' id='block_1_2' title="bbox 244 491 1424 3654">
    <p class='ocr_par' dir='ltr' id='par_1_2' title="bbox 244 491 1424 3654">
     <span class='ocr_line' id='line_1_2' title="bbox 302 491 1347 584; baseline -0.003 -24"><span class='ocrx_word' id='word_1_2' title='bbox 302 499 454 584; x_wconf 90' lang='lat' dir='ltr'>primum</span> <span class='ocrx_word' id='word_1_3' title='bbox 477 496 615 581; x_wconf 88' lang='lat' dir='ltr'>quidem</span> <span class='ocrx_word' id='word_1_4' title='bbox 644 495 729 560; x_wconf 89' lang='lat' dir='ltr'>mihi</span> <span class='ocrx_word' id='word_1_5' title='bbox 760 511 942 580; x_wconf 83' lang='lat' dir='ltr'>perperam</span> <span class='ocrx_word' id='word_1_6' title='bbox 972 491 1124 556; x_wconf 89' lang='lat' dir='ltr'>iudicare</span> <span class='ocrx_word' id='word_1_7' title='bbox 1154 492 1290 557; x_wconf 89' lang='lat' dir='ltr'>videtur</span> <span class='ocrx_word' id='word_1_8' title='bbox 1313 493 1347 564; x_wconf 87' lang='lat' dir='ltr'>O.</span> 
     </span>
     <span class='ocr_line' id='line_1_3' title="bbox 304 602 1347 692; baseline -0.007 -18"><span class='ocrx_word' id='word_1_9' title='bbox 304 607 493 692; x_wconf 78' lang='lat' dir='ltr'>Nitzscdt&#39;us,</span> <span class='ocrx_word' id='word_1_10' title='bbox 516 625 594 670; x_wconf 91' lang='lat' dir='ltr'>cum</span> <span class='ocrx_word' id='word_1_11' title='bbox 616 606 653 685; x_wconf 89' lang='lat' dir='ltr'>(l.</span> <span class='ocrx_word' id='word_1_12' title='bbox 675 624 703 669; x_wconf 88' lang='lat' dir='ltr'>a.</span> <span class='ocrx_word' id='word_1_13' title='bbox 726 627 757 690; x_wconf 92' lang='lat' dir='ltr'>p.</span> <span class='ocrx_word' id='word_1_14' title='bbox 775 605 812 685; x_wconf 84' lang='lat'>4)</span> <span class='ocrx_word' id='word_1_15' title='bbox 835 603 928 689; x_wconf 86' lang='lat' dir='ltr'>dicit,</span> <span class='ocrx_word' id='word_1_16' title='bbox 953 602 1169 668; x_wconf 90' lang='lat' dir='ltr'>Herodotum</span> <span class='ocrx_word' id='word_1_17' title='bbox 1192 604 1347 668; x_wconf 75' lang='lat' dir='ltr'><strong>historias</strong></span> 
     </span>
     <span class='ocr_line' id='line_1_4' title="bbox 303 714 1347 802; baseline -0.004 -20"><span class='ocrx_word' id='word_1_18' title='bbox 303 737 381 782; x_wconf 88' lang='lat' dir='ltr'>suas</span> <span class='ocrx_word' id='word_1_19' title='bbox 404 716 567 802; x_wconf 88' lang='lat' dir='ltr'>principio</span> <span class='ocrx_word' id='word_1_20' title='bbox 599 734 639 780; x_wconf 86' lang='lat' dir='ltr'>ea</span> <span class='ocrx_word' id='word_1_21' title='bbox 668 715 833 779; x_wconf 88' lang='lat' dir='ltr'>sententia</span> <span class='ocrx_word' id='word_1_22' title='bbox 857 714 1101 798; x_wconf 70' lang='lat' dir='ltr'>conscripsisse,</span> <span class='ocrx_word' id='word_1_23' title='bbox 1125 719 1161 777; x_wconf 90' lang='lat' dir='ltr'>ut</span> <span class='ocrx_word' id='word_1_24' title='bbox 1187 732 1244 778; x_wconf 90' lang='lat' dir='ltr'>cas</span> <span class='ocrx_word' id='word_1_25' title='bbox 1266 717 1347 778; x_wconf 87' lang='lat' dir='ltr'>reci·</span> 
     </span>
     <span class='ocr_line' id='line_1_5' title="bbox 244 822 1347 915; baseline -0.001 -27"><span class='ocrx_word' id='word_1_26' title='bbox 244 911 246 915; x_wconf 23' lang='grc' dir='ltr'>Ι</span> <span class='ocrx_word' id='word_1_27' title='bbox 304 831 399 890; x_wconf 87' lang='lat' dir='ltr'>taret.</span> <span class='ocrx_word' id='word_1_28' title='bbox 436 825 557 890; x_wconf 78' lang='lat' dir='ltr'><strong>Contra</strong></span> <span class='ocrx_word' id='word_1_29' title='bbox 573 824 657 887; x_wconf 88' lang='lat' dir='ltr'>mihi</span> <span class='ocrx_word' id='word_1_30' title='bbox 673 825 712 887; x_wconf 79' lang='lat' dir='ltr'>A.</span> <span class='ocrx_word' id='word_1_31' title='bbox 730 823 905 888; x_wconf 81' lang='lat' dir='ltr'>Setoetttus</span> <span class='ocrx_word' id='word_1_32' title='bbox 921 841 1039 887; x_wconf 78' lang='lat' dir='ltr'>veram</span> <span class='ocrx_word' id='word_1_33' title='bbox 1055 822 1216 887; x_wconf 75' lang='lat' dir='ltr'>Herodoti</span> <span class='ocrx_word' id='word_1_34' title='bbox 1238 823 1347 908; x_wconf 87' lang='lat' dir='ltr'>operis</span> 
     </span>
     <span class='ocr_line' id='line_1_6' title="bbox 302 932 1347 1016; baseline -0.002 -17"><span class='ocrx_word' id='word_1_35' title='bbox 302 937 468 1000; x_wconf 89' lang='lat' dir='ltr'>notionem</span> <span class='ocrx_word' id='word_1_36' title='bbox 491 939 603 998; x_wconf 88' lang='lat' dir='ltr'>mente</span> <span class='ocrx_word' id='word_1_37' title='bbox 628 934 817 1016; x_wconf 80' lang='lat' dir='ltr'>concepisse</span> <span class='ocrx_word' id='word_1_38' title='bbox 841 932 985 1016; x_wconf 81' lang='lat' dir='ltr'>videtur,</span> <span class='ocrx_word' id='word_1_39' title='bbox 1016 932 1235 1016; x_wconf 88' lang='lat' dir='ltr'>quiquidem</span> <span class='ocrx_word' id='word_1_40' title='bbox 1259 933 1296 1013; x_wconf 90' lang='lat' dir='ltr'>(l.</span> <span class='ocrx_word' id='word_1_41' title='bbox 1318 953 1347 997; x_wconf 88' lang='lat' dir='ltr'>a.</span> 
     </span>
     <span class='ocr_line' id='line_1_7' title="bbox 303 1042 1347 1130; baseline -0.002 -22"><span class='ocrx_word' id='word_1_42' title='bbox 303 1067 333 1130; x_wconf 88' lang='lat' dir='ltr'>p.</span> <span class='ocrx_word' id='word_1_43' title='bbox 356 1046 437 1125; x_wconf 85' lang='grc'>419)</span> <span class='ocrx_word' id='word_1_44' title='bbox 460 1042 558 1128; x_wconf 86' lang='lat' dir='ltr'>dicat,</span> <span class='ocrx_word' id='word_1_45' title='bbox 588 1044 670 1128; x_wconf 91' lang='lat' dir='ltr'>quin</span> <span class='ocrx_word' id='word_1_46' title='bbox 690 1042 878 1107; x_wconf 89' lang='lat' dir='ltr'>Herodotus</span> <span class='ocrx_word' id='word_1_47' title='bbox 900 1043 1054 1106; x_wconf 85' lang='lat' dir='ltr'>historias</span> <span class='ocrx_word' id='word_1_48' title='bbox 1073 1061 1151 1105; x_wconf 86' lang='lat' dir='ltr'>suas</span> <span class='ocrx_word' id='word_1_49' title='bbox 1173 1060 1215 1105; x_wconf 90' lang='lat' dir='ltr'>aa</span> <span class='ocrx_word' id='word_1_50' title='bbox 1236 1049 1347 1106; x_wconf 89' lang='lat' dir='ltr'>mente</span> 
     </span>
     <span class='ocr_line' id='line_1_8' title="bbox 303 1149 1355 1239; baseline -0.002 -21"><span class='ocrx_word' id='word_1_51' title='bbox 303 1155 539 1239; x_wconf 81' lang='lat' dir='ltr'>composuerit,</span> <span class='ocrx_word' id='word_1_52' title='bbox 559 1158 597 1216; x_wconf 93' lang='lat' dir='ltr'>ut</span> <span class='ocrx_word' id='word_1_53' title='bbox 612 1153 811 1238; x_wconf 85' lang='lat' dir='ltr'>legerentur,</span> <span class='ocrx_word' id='word_1_54' title='bbox 834 1170 900 1215; x_wconf 89' lang='lat' dir='ltr'>non</span> <span class='ocrx_word' id='word_1_55' title='bbox 923 1156 961 1215; x_wconf 88' lang='lat' dir='ltr'>ut</span> <span class='ocrx_word' id='word_1_56' title='bbox 984 1149 1181 1215; x_wconf 75' lang='lat' dir='ltr'>audirentur</span> <span class='ocrx_word' id='word_1_57' title='bbox 1203 1150 1355 1217; x_wconf 88' lang='lat' dir='ltr'>dubium</span> 
     </span>
     <span class='ocr_line' id='line_1_9' title="bbox 303 1260 1345 1344; baseline -0.002 -19"><span class='ocrx_word' id='word_1_58' title='bbox 303 1279 367 1325; x_wconf 89' lang='lat' dir='ltr'>non</span> <span class='ocrx_word' id='word_1_59' title='bbox 389 1279 467 1325; x_wconf 87' lang='lat' dir='ltr'>esse.</span> <span class='ocrx_word' id='word_1_60' title='bbox 505 1260 618 1344; x_wconf 83' lang='lat' dir='ltr'>Atque</span> <span class='ocrx_word' id='word_1_61' title='bbox 638 1261 703 1324; x_wconf 90' lang='lat' dir='ltr'>hoe</span> <span class='ocrx_word' id='word_1_62' title='bbox 722 1260 822 1324; x_wconf 86' lang='lat' dir='ltr'>facile</span> <span class='ocrx_word' id='word_1_63' title='bbox 844 1260 979 1342; x_wconf 87' lang='lat' dir='ltr'>cognosi</span> <span class='ocrx_word' id='word_1_64' title='bbox 999 1263 1108 1343; x_wconf 89' lang='lat' dir='ltr'>potest</span> <span class='ocrx_word' id='word_1_65' title='bbox 1127 1279 1168 1323; x_wconf 86' lang='lat' dir='ltr'>ex</span> <span class='ocrx_word' id='word_1_66' title='bbox 1187 1278 1236 1344; x_wconf 85' lang='lat' dir='ltr'>eo,</span> <span class='ocrx_word' id='word_1_67' title='bbox 1255 1260 1345 1343; x_wconf 89' lang='lat' dir='ltr'>quod</span> 
     </span>
     <span class='ocr_line' id='line_1_10' title="bbox 303 1368 1346 1456; baseline 0 -22"><span class='ocrx_word' id='word_1_68' title='bbox 303 1373 372 1434; x_wconf 87' lang='lat' dir='ltr'>fere</span> <span class='ocrx_word' id='word_1_69' title='bbox 388 1369 543 1435; x_wconf 89' lang='lat' dir='ltr'>omnibus</span> <span class='ocrx_word' id='word_1_70' title='bbox 557 1369 639 1433; x_wconf 89' lang='lat' dir='ltr'>locis</span> <span class='ocrx_word' id='word_1_71' title='bbox 653 1371 777 1451; x_wconf 89' lang='lat' dir='ltr'>quibus</span> <span class='ocrx_word' id='word_1_72' title='bbox 790 1368 832 1434; x_wconf 87' lang='lat' dir='ltr'>da</span> <span class='ocrx_word' id='word_1_73' title='bbox 845 1369 1046 1453; x_wconf 88' lang='lat' dir='ltr'>perficiendo</span> <span class='ocrx_word' id='word_1_74' title='bbox 1062 1387 1165 1452; x_wconf 87' lang='lat' dir='ltr'>opere</span> <span class='ocrx_word' id='word_1_75' title='bbox 1179 1388 1239 1433; x_wconf 91' lang='lat' dir='ltr'>suo</span> <span class='ocrx_word' id='word_1_76' title='bbox 1257 1369 1346 1456; x_wconf 80' lang='lat' dir='ltr'>dicit,</span> 
     </span>
     <span class='ocr_line' id='line_1_11' title="bbox 303 1477 1424 1564; baseline 0.003 -23"><span class='ocrx_word' id='word_1_77' title='bbox 303 1482 406 1545; x_wconf 86' lang='lat' dir='ltr'>verbo</span> <span class='ocrx_word' id='word_1_78' title='bbox 421 1478 595 1564; x_wconf 87' lang='lat' dir='ltr'>scribendi,</span> <span class='ocrx_word' id='word_1_79' title='bbox 618 1496 682 1542; x_wconf 92' lang='lat' dir='ltr'>non</span> <span class='ocrx_word' id='word_1_80' title='bbox 700 1477 832 1543; x_wconf 87' lang='lat' dir='ltr'>dicendi</span> <span class='ocrx_word' id='word_1_81' title='bbox 847 1479 903 1541; x_wconf 77' lang='lat' dir='ltr'>vel</span> <span class='ocrx_word' id='word_1_82' title='bbox 926 1479 1092 1542; x_wconf 87' lang='lat' dir='ltr'>recitandi</span> <span class='ocrx_word' id='word_1_83' title='bbox 1116 1480 1227 1543; x_wconf 88' lang='lat' dir='ltr'>utitur</span> <span class='ocrx_word' id='word_1_84' title='bbox 1241 1480 1346 1546; x_wconf 90' lang='lat' dir='ltr'>Hero·</span> <span class='ocrx_word' id='word_1_85' title='bbox 1419 1502 1424 1508; x_wconf 95' lang='lat'>·</span> 
     </span>
     <span class='ocr_line' id='line_1_12' title="bbox 303 1571 1344 1680; baseline 0 -27"><span class='ocrx_word' id='word_1_86' title='bbox 303 1588 418 1671; x_wconf 86' lang='lat' dir='ltr'>dotus;</span> <span class='ocrx_word' id='word_1_87' title='bbox 433 1590 544 1652; x_wconf 84' lang='lat' dir='ltr'>confer</span> <span class='ocrx_word' id='word_1_88' title='bbox 560 1588 660 1652; x_wconf 92' lang='lat' dir='ltr'>modo</span> <span class='ocrx_word' id='word_1_89' title='bbox 676 1571 803 1671; x_wconf 87' lang='lat' dir='ltr'>quaeso</span> <span class='ocrx_word' id='word_1_90' title='bbox 819 1587 910 1652; x_wconf 86' lang='lat' dir='ltr'>locos</span> <span class='ocrx_word' id='word_1_91' title='bbox 923 1589 981 1671; x_wconf 94' lang='lat' dir='ltr'>qui</span> <span class='ocrx_word' id='word_1_92' title='bbox 997 1593 1074 1650; x_wconf 93' lang='lat' dir='ltr'>sunt</span> <span class='ocrx_word' id='word_1_93' title='bbox 1089 1588 1123 1680; x_wconf 85' lang='lat' dir='ltr'>in</span> <span class='ocrx_word' id='word_1_94' title='bbox 1135 1588 1150 1651; x_wconf 93' lang='grc' dir='ltr'>Ι</span> <span class='ocrx_word' id='word_1_95' title='bbox 1162 1590 1204 1652; x_wconf 84' lang='grc'>95</span> <span class='ocrx_word' id='word_1_96' title='bbox 1220 1590 1235 1664; x_wconf 73' lang='lat' dir='ltr'>t</span> <span class='ocrx_word' id='word_1_97' title='bbox 1237 1587 1280 1666; x_wconf 86' lang='grc' dir='ltr'>ὡς</span> <span class='ocrx_word' id='word_1_98' title='bbox 1293 1637 1300 1652; x_wconf 89' lang='grc'><strong>.</strong></span> <span class='ocrx_word' id='word_1_99' title='bbox 1316 1637 1344 1653; x_wconf 94' lang='grc'>..</span> 
     </span>
     <span class='ocr_line' id='line_1_13' title="bbox 304 1695 1344 1784; baseline 0 -23"><span class='ocrx_word' id='word_1_100' title='bbox 304 1697 445 1782; x_wconf 77' lang='grc' dir='ltr'>λέγουσι,</span> <span class='ocrx_word' id='word_1_101' title='bbox 463 1699 548 1761; x_wconf 82' lang='grc' dir='ltr'>κατὰ</span> <span class='ocrx_word' id='word_1_102' title='bbox 566 1704 667 1761; x_wconf 81' lang='grc' dir='ltr'>ταῦτα</span> <span class='ocrx_word' id='word_1_103' title='bbox 685 1695 827 1783; x_wconf 96' lang='grc' dir='ltr'>γράφω),</span> <span class='ocrx_word' id='word_1_104' title='bbox 845 1698 879 1761; x_wconf 92' lang='grc' dir='ltr'>ΙΙ</span> <span class='ocrx_word' id='word_1_105' title='bbox 892 1700 955 1761; x_wconf 85' lang='grc'>123</span> <span class='ocrx_word' id='word_1_106' title='bbox 975 1699 1029 1777; x_wconf 80' lang='grc' dir='ltr'>(τά</span> <span class='ocrx_word' id='word_1_107' title='bbox 1045 1695 1205 1783; x_wconf 78' lang='grc' dir='ltr'>λεγόμενα</span> <span class='ocrx_word' id='word_1_108' title='bbox 1221 1698 1344 1784; x_wconf 81' lang='grc' dir='ltr'>γράφω,</span> 
     </span>
     <span class='ocr_line' id='line_1_14' title="bbox 304 1803 1343 1891; baseline -0.001 -22"><span class='ocrx_word' id='word_1_109' title='bbox 304 1812 352 1871; x_wconf 88' lang='lat' dir='ltr'>et:</span> <span class='ocrx_word' id='word_1_110' title='bbox 376 1807 415 1870; x_wconf 83' lang='grc' dir='ltr'>τὰ</span> <span class='ocrx_word' id='word_1_111' title='bbox 431 1804 592 1889; x_wconf 77' lang='grc' dir='ltr'>οὐνόματα</span> <span class='ocrx_word' id='word_1_112' title='bbox 608 1804 749 1889; x_wconf 89' lang='grc' dir='ltr'>γράφω),</span> <span class='ocrx_word' id='word_1_113' title='bbox 772 1806 821 1871; x_wconf 88' lang='lat' dir='ltr'>IV</span> <span class='ocrx_word' id='word_1_114' title='bbox 839 1807 902 1869; x_wconf 83' lang='lat'>195</span> <span class='ocrx_word' id='word_1_115' title='bbox 925 1805 980 1884; x_wconf 84' lang='grc' dir='ltr'>(τά</span> <span class='ocrx_word' id='word_1_116' title='bbox 996 1803 1032 1868; x_wconf 85' lang='grc' dir='ltr'>δὲ</span> <span class='ocrx_word' id='word_1_117' title='bbox 1055 1803 1183 1891; x_wconf 76' lang='grc' dir='ltr'>λέγεται</span> <span class='ocrx_word' id='word_1_118' title='bbox 1206 1806 1343 1891; x_wconf 81' lang='grc' dir='ltr'>γράφω),</span> 
     </span>
     <span class='ocr_line' id='line_1_15' title="bbox 305 1911 1342 2000; baseline -0.002 -19"><span class='ocrx_word' id='word_1_119' title='bbox 305 1918 352 1981; x_wconf 94' lang='lat' dir='ltr'>VI</span> <span class='ocrx_word' id='word_1_120' title='bbox 366 1918 407 1980; x_wconf 85' lang='lat'>53</span> <span class='ocrx_word' id='word_1_121' title='bbox 431 1914 524 1996; x_wconf 87' lang='grc' dir='ltr'>(τάδε</span> <span class='ocrx_word' id='word_1_122' title='bbox 544 1917 629 1992; x_wconf 77' lang='grc' dir='ltr'>κατὰ</span> <span class='ocrx_word' id='word_1_123' title='bbox 650 1917 690 1979; x_wconf 86' lang='grc' dir='ltr'>τά</span> <span class='ocrx_word' id='word_1_124' title='bbox 706 1911 865 1999; x_wconf 78' lang='grc' dir='ltr'>λεγόμενα</span> <span class='ocrx_word' id='word_1_125' title='bbox 882 1914 1027 2000; x_wconf 82' lang='grc' dir='ltr'>γράφω),</span> <span class='ocrx_word' id='word_1_126' title='bbox 1050 1916 1195 1980; x_wconf 87' lang='lat' dir='ltr'>v11214</span> <span class='ocrx_word' id='word_1_127' title='bbox 1215 1918 1342 1995; x_wconf 82' lang='grc' dir='ltr'>(τοῦτον</span> 
     </span>
     <span class='ocr_line' id='line_1_16' title="bbox 304 2024 1343 2108; baseline 0 -20"><span class='ocrx_word' id='word_1_128' title='bbox 304 2025 403 2088; x_wconf 78' lang='grc' dir='ltr'>αἴτιον</span> <span class='ocrx_word' id='word_1_129' title='bbox 418 2024 557 2108; x_wconf 85' lang='grc' dir='ltr'>γράφω).</span> <span class='ocrx_word' id='word_1_130' title='bbox 579 2024 701 2107; x_wconf 84' lang='lat' dir='ltr'>Neque</span> <span class='ocrx_word' id='word_1_131' title='bbox 712 2024 823 2087; x_wconf 89' lang='lat' dir='ltr'>minus</span> <span class='ocrx_word' id='word_1_132' title='bbox 841 2025 925 2087; x_wconf 87' lang='lat' dir='ltr'>fatsa</span> <span class='ocrx_word' id='word_1_133' title='bbox 940 2025 1024 2088; x_wconf 85' lang='lat' dir='ltr'>mihi</span> <span class='ocrx_word' id='word_1_134' title='bbox 1038 2024 1176 2108; x_wconf 89' lang='lat' dir='ltr'>quidem</span> <span class='ocrx_word' id='word_1_135' title='bbox 1189 2024 1343 2088; x_wconf 88' lang='lat' dir='ltr'>videntur</span> 
     </span>
     <span class='ocr_line' id='line_1_17' title="bbox 304 2132 1345 2218; baseline -0.002 -20"><span class='ocrx_word' id='word_1_136' title='bbox 304 2154 346 2198; x_wconf 90' lang='lat' dir='ltr'>ea</span> <span class='ocrx_word' id='word_1_137' title='bbox 368 2137 575 2218; x_wconf 84' lang='lat' dir='ltr'>argumenta,</span> <span class='ocrx_word' id='word_1_138' title='bbox 606 2134 730 2217; x_wconf 90' lang='lat' dir='ltr'>quibus</span> <span class='ocrx_word' id='word_1_139' title='bbox 752 2132 964 2197; x_wconf 89' lang='lat' dir='ltr'>Herodotum</span> <span class='ocrx_word' id='word_1_140' title='bbox 996 2134 1085 2197; x_wconf 89' lang='lat' dir='ltr'>loeos</span> <span class='ocrx_word' id='word_1_141' title='bbox 1109 2134 1273 2217; x_wconf 92' lang='lat' dir='ltr'>quosdam</span> <span class='ocrx_word' id='word_1_142' title='bbox 1297 2152 1345 2196; x_wconf 91' lang='lat' dir='ltr'>re-</span> 
     </span>
     <span class='ocr_line' id='line_1_18' title="bbox 305 2243 1345 2328; baseline 0 -21"><span class='ocrx_word' id='word_1_143' title='bbox 305 2248 465 2307; x_wconf 82' lang='lat' dir='ltr'>tractasse</span> <span class='ocrx_word' id='word_1_144' title='bbox 487 2248 591 2326; x_wconf 88' lang='lat' dir='ltr'>atque</span> <span class='ocrx_word' id='word_1_145' title='bbox 613 2243 810 2307; x_wconf 87' lang='lat' dir='ltr'>immutasse</span> <span class='ocrx_word' id='word_1_146' title='bbox 834 2243 956 2307; x_wconf 88' lang='lat' dir='ltr'>docere</span> <span class='ocrx_word' id='word_1_147' title='bbox 977 2243 1090 2307; x_wconf 87' lang='lat' dir='ltr'>studet</span> <span class='ocrx_word' id='word_1_148' title='bbox 1105 2243 1139 2308; x_wconf 93' lang='lat'>0.</span> <span class='ocrx_word' id='word_1_149' title='bbox 1157 2243 1345 2328; x_wconf 76' lang='lat' dir='ltr'>Nttzsctr&#39;ue,</span> 
     </span>
     <span class='ocr_line' id='line_1_19' title="bbox 305 2352 1346 2438; baseline -0.001 -21"><span class='ocrx_word' id='word_1_150' title='bbox 305 2371 514 2437; x_wconf 89' lang='lat' dir='ltr'>quamquam</span> <span class='ocrx_word' id='word_1_151' title='bbox 536 2352 571 2416; x_wconf 91' lang='lat' dir='ltr'>id</span> <span class='ocrx_word' id='word_1_152' title='bbox 595 2354 635 2416; x_wconf 84' lang='lat' dir='ltr'>A.</span> <span class='ocrx_word' id='word_1_153' title='bbox 658 2353 806 2418; x_wconf 81' lang='lat' dir='ltr'>Bauerus</span> <span class='ocrx_word' id='word_1_154' title='bbox 829 2372 967 2438; x_wconf 90' lang='lat' dir='ltr'>quoque</span> <span class='ocrx_word' id='word_1_155' title='bbox 994 2355 1050 2432; x_wconf 74' lang='lat' dir='ltr'>tet.</span> <span class='ocrx_word' id='word_1_156' title='bbox 1071 2355 1091 2417; x_wconf 84' lang='grc'>1.</span> <span class='ocrx_word' id='word_1_157' title='bbox 1115 2373 1144 2416; x_wconf 90' lang='lat' dir='ltr'>a.</span> <span class='ocrx_word' id='word_1_158' title='bbox 1166 2376 1196 2438; x_wconf 90' lang='lat' dir='ltr'>p.</span> <span class='ocrx_word' id='word_1_159' title='bbox 1220 2355 1271 2432; x_wconf 87' lang='grc'>98,</span> <span class='ocrx_word' id='word_1_160' title='bbox 1294 2357 1346 2438; x_wconf 88' lang='grc'>99,</span> 
     </span>
     <span class='ocr_line' id='line_1_20' title="bbox 305 2463 1346 2548; baseline 0.001 -21"><span class='ocrx_word' id='word_1_161' title='bbox 305 2464 384 2543; x_wconf 82' lang='grc'>107)</span> <span class='ocrx_word' id='word_1_162' title='bbox 409 2481 487 2526; x_wconf 88' lang='lat' dir='ltr'>cum</span> <span class='ocrx_word' id='word_1_163' title='bbox 509 2480 549 2525; x_wconf 86' lang='lat' dir='ltr'>eo</span> <span class='ocrx_word' id='word_1_164' title='bbox 574 2464 745 2526; x_wconf 89' lang='lat' dir='ltr'>consentit.</span> <span class='ocrx_word' id='word_1_165' title='bbox 788 2463 945 2546; x_wconf 87' lang='lat' dir='ltr'>Namque</span> <span class='ocrx_word' id='word_1_166' title='bbox 972 2465 1140 2548; x_wconf 88' lang='lat' dir='ltr'>profectus</span> <span class='ocrx_word' id='word_1_167' title='bbox 1163 2465 1206 2528; x_wconf 88' lang='lat' dir='ltr'>ab</span> <span class='ocrx_word' id='word_1_168' title='bbox 1229 2466 1276 2528; x_wconf 89' lang='lat' dir='ltr'>eis</span> <span class='ocrx_word' id='word_1_169' title='bbox 1300 2465 1346 2528; x_wconf 89' lang='lat' dir='ltr'>lo·</span> 
     </span>
     <span class='ocr_line' id='line_1_21' title="bbox 304 2572 1346 2661; baseline 0.003 -26"><span class='ocrx_word' id='word_1_170' title='bbox 304 2572 430 2657; x_wconf 90' lang='lat' dir='ltr'>quendi</span> <span class='ocrx_word' id='word_1_171' title='bbox 452 2573 614 2656; x_wconf 84' lang='lat' dir='ltr'>formulis,</span> <span class='ocrx_word' id='word_1_172' title='bbox 644 2572 769 2661; x_wconf 86' lang='lat' dir='ltr'>quibus</span> <span class='ocrx_word' id='word_1_173' title='bbox 791 2573 981 2636; x_wconf 87' lang='lat' dir='ltr'>Herodotus</span> <span class='ocrx_word' id='word_1_174' title='bbox 1005 2574 1152 2654; x_wconf 83' lang='lat' dir='ltr'>legentes</span> <span class='ocrx_word' id='word_1_175' title='bbox 1175 2574 1218 2637; x_wconf 91' lang='lat' dir='ltr'>ad</span> <span class='ocrx_word' id='word_1_176' title='bbox 1243 2594 1346 2658; x_wconf 88' lang='lat' dir='ltr'>supra</span> 
     </span>
     <span class='ocr_line' id='line_1_22' title="bbox 303 2682 1345 2768; baseline 0 -22"><span class='ocrx_word' id='word_1_177' title='bbox 303 2685 373 2748; x_wconf 88' lang='lat' dir='ltr'>iam</span> <span class='ocrx_word' id='word_1_178' title='bbox 389 2682 479 2751; x_wconf 84' lang='lat' dir='ltr'>dieta</span> <span class='ocrx_word' id='word_1_179' title='bbox 494 2687 637 2761; x_wconf 83' lang='lat' dir='ltr'>revocat,</span> <span class='ocrx_word' id='word_1_180' title='bbox 660 2688 770 2747; x_wconf 89' lang='lat' dir='ltr'>censet</span> <span class='ocrx_word' id='word_1_181' title='bbox 790 2682 986 2766; x_wconf 89' lang='lat' dir='ltr'>ubicunque</span> <span class='ocrx_word' id='word_1_182' title='bbox 1003 2683 1171 2749; x_wconf 83' lang='lat' dir='ltr'>formulae</span> <span class='ocrx_word' id='word_1_183' title='bbox 1185 2685 1345 2768; x_wconf 83' lang='lat' dir='ltr'>loquendi</span> 
     </span>
     <span class='ocr_line' id='line_1_23' title="bbox 304 2787 1344 2876; baseline 0.002 -22"><span class='ocrx_word' id='word_1_184' title='bbox 304 2794 492 2875; x_wconf 89' lang='lat' dir='ltr'>quaesunt</span> <span class='ocrx_word' id='word_1_185' title='bbox 515 2787 557 2865; x_wconf 86' lang='grc' dir='ltr'>ὡς</span> <span class='ocrx_word' id='word_1_186' title='bbox 580 2788 635 2851; x_wconf 78' lang='grc' dir='ltr'>καὶ</span> <span class='ocrx_word' id='word_1_187' title='bbox 658 2788 813 2873; x_wconf 78' lang='grc' dir='ltr'>πρότερόν</span> <span class='ocrx_word' id='word_1_188' title='bbox 838 2810 891 2873; x_wconf 85' lang='grc' dir='ltr'>μοι</span> <span class='ocrx_word' id='word_1_189' title='bbox 916 2791 1046 2875; x_wconf 76' lang='grc' dir='ltr'>εἴρηται,</span> <span class='ocrx_word' id='word_1_190' title='bbox 1079 2789 1268 2876; x_wconf 76' lang='grc' dir='ltr'>δεδήλωται,</span> <span class='ocrx_word' id='word_1_191' title='bbox 1291 2795 1344 2856; x_wconf 89' lang='lat' dir='ltr'>vet</span> 
     </span>
     <span class='ocr_line' id='line_1_24' title="bbox 304 2881 1345 2987; baseline 0.002 -23"><span class='ocrx_word' id='word_1_192' title='bbox 304 2898 347 2976; x_wconf 84' lang='grc' dir='ltr'>ὡς</span> <span class='ocrx_word' id='word_1_193' title='bbox 368 2897 424 2962; x_wconf 74' lang='grc' dir='ltr'>καὶ</span> <span class='ocrx_word' id='word_1_194' title='bbox 447 2897 602 2983; x_wconf 76' lang='grc' dir='ltr'>πρότερον</span> <span class='ocrx_word' id='word_1_195' title='bbox 626 2898 725 2982; x_wconf 77' lang='grc' dir='ltr'>εἶπον,</span> <span class='ocrx_word' id='word_1_196' title='bbox 757 2901 855 2987; x_wconf 87' lang='lat' dir='ltr'>aliae,</span> <span class='ocrx_word' id='word_1_197' title='bbox 885 2902 1002 2984; x_wconf 88' lang='lat' dir='ltr'>paucis</span> <span class='ocrx_word' id='word_1_198' title='bbox 1034 2903 1135 2966; x_wconf 91' lang='lat' dir='ltr'>rebus</span> <span class='ocrx_word' id='word_1_199' title='bbox 1161 2881 1345 2966; x_wconf 82' lang='lat' dir='ltr'>interiectis</span> 
     </span>
     <span class='ocr_line' id='line_1_25' title="bbox 303 3010 1345 3095; baseline 0.002 -22"><span class='ocrx_word' id='word_1_200' title='bbox 303 3011 401 3094; x_wconf 86' lang='lat' dir='ltr'>qnasi</span> <span class='ocrx_word' id='word_1_201' title='bbox 424 3010 581 3074; x_wconf 88' lang='lat' dir='ltr'>continuo</span> <span class='ocrx_word' id='word_1_202' title='bbox 604 3011 855 3092; x_wconf 85' lang='lat' dir='ltr'>subsequantur</span> <span class='ocrx_word' id='word_1_203' title='bbox 885 3012 997 3076; x_wconf 92' lang='lat' dir='ltr'>locum</span> <span class='ocrx_word' id='word_1_204' title='bbox 1022 3011 1064 3074; x_wconf 93' lang='lat' dir='ltr'>ad</span> <span class='ocrx_word' id='word_1_205' title='bbox 1092 3029 1193 3095; x_wconf 90' lang='lat' dir='ltr'>quem</span> <span class='ocrx_word' id='word_1_206' title='bbox 1216 3011 1345 3094; x_wconf 85' lang='lat' dir='ltr'>detega-</span> 
     </span>
     <span class='ocr_line' id='line_1_26' title="bbox 302 3118 1345 3206; baseline 0 -22"><span class='ocrx_word' id='word_1_207' title='bbox 302 3141 388 3205; x_wconf 90' lang='lat' dir='ltr'>mur,</span> <span class='ocrx_word' id='word_1_208' title='bbox 418 3118 496 3183; x_wconf 87' lang='lat' dir='ltr'>indo</span> <span class='ocrx_word' id='word_1_209' title='bbox 526 3121 742 3204; x_wconf 87' lang='lat' dir='ltr'>perspicuum</span> <span class='ocrx_word' id='word_1_210' title='bbox 775 3121 856 3204; x_wconf 87' lang='lat' dir='ltr'>fleri,</span> <span class='ocrx_word' id='word_1_211' title='bbox 891 3120 1102 3185; x_wconf 87' lang='lat' dir='ltr'>Herodotum</span> <span class='ocrx_word' id='word_1_212' title='bbox 1132 3139 1216 3206; x_wconf 89' lang='lat' dir='ltr'>opus</span> <span class='ocrx_word' id='word_1_213' title='bbox 1245 3141 1345 3187; x_wconf 87' lang='lat' dir='ltr'>suum</span> 
     </span>
     <span class='ocr_line' id='line_1_27' title="bbox 303 3227 1345 3314; baseline 0.003 -23"><span class='ocrx_word' id='word_1_214' title='bbox 303 3227 414 3291; x_wconf 89' lang='lat' dir='ltr'>denuo</span> <span class='ocrx_word' id='word_1_215' title='bbox 437 3232 660 3311; x_wconf 89' lang='lat' dir='ltr'>pertractasse</span> <span class='ocrx_word' id='word_1_216' title='bbox 684 3227 802 3312; x_wconf 85' lang='lat' dir='ltr'>aliqua</span> <span class='ocrx_word' id='word_1_217' title='bbox 823 3247 861 3292; x_wconf 91' lang='lat' dir='ltr'>re</span> <span class='ocrx_word' id='word_1_218' title='bbox 884 3230 957 3294; x_wconf 84' lang='lat' dir='ltr'>sive</span> <span class='ocrx_word' id='word_1_219' title='bbox 980 3249 1025 3294; x_wconf 83' lang='lat' dir='ltr'>ex</span> <span class='ocrx_word' id='word_1_220' title='bbox 1046 3231 1159 3314; x_wconf 89' lang='lat' dir='ltr'>priore</span> <span class='ocrx_word' id='word_1_221' title='bbox 1175 3232 1345 3294; x_wconf 88' lang='lat' dir='ltr'>continua-</span> 
     </span>
     <span class='ocr_line' id='line_1_28' title="bbox 303 3336 1345 3424; baseline 0.003 -24"><span class='ocrx_word' id='word_1_222' title='bbox 303 3338 392 3401; x_wconf 85' lang='lat' dir='ltr'>tione</span> <span class='ocrx_word' id='word_1_223' title='bbox 414 3355 528 3400; x_wconf 89' lang='lat' dir='ltr'>rerum</span> <span class='ocrx_word' id='word_1_224' title='bbox 544 3336 680 3400; x_wconf 84' lang='lat' dir='ltr'>sublata</span> <span class='ocrx_word' id='word_1_225' title='bbox 694 3337 766 3402; x_wconf 87' lang='lat' dir='ltr'>sive</span> <span class='ocrx_word' id='word_1_226' title='bbox 784 3337 910 3402; x_wconf 81' lang='lat' dir='ltr'>addita.</span> <span class='ocrx_word' id='word_1_227' title='bbox 955 3339 1055 3424; x_wconf 73' lang='lat' dir='ltr'>Quod</span> <span class='ocrx_word' id='word_1_228' title='bbox 1071 3345 1110 3403; x_wconf 86' lang='lat' dir='ltr'>ut</span> <span class='ocrx_word' id='word_1_229' title='bbox 1133 3341 1345 3424; x_wconf 85' lang='lat' dir='ltr'>demonstret,</span> 
     </span>
     <span class='ocr_line' id='line_1_29' title="bbox 275 3429 1345 3532; baseline 0.001 -22"><span class='ocrx_word' id='word_1_230' title='bbox 275 3429 398 3510; x_wconf 55' lang='lat' dir='ltr'>&#39;orsus</span> <span class='ocrx_word' id='word_1_231' title='bbox 422 3465 442 3508; x_wconf 90' lang='lat' dir='ltr'>a</span> <span class='ocrx_word' id='word_1_232' title='bbox 465 3464 509 3508; x_wconf 90' lang='lat' dir='ltr'>cc.</span> <span class='ocrx_word' id='word_1_233' title='bbox 543 3446 583 3508; x_wconf 81' lang='lat'>17</span> <span class='ocrx_word' id='word_1_234' title='bbox 607 3451 641 3508; x_wconf 88' lang='lat' dir='ltr'>et</span> <span class='ocrx_word' id='word_1_235' title='bbox 664 3447 705 3510; x_wconf 88' lang='lat'>18</span> <span class='ocrx_word' id='word_1_236' title='bbox 728 3446 798 3532; x_wconf 79' lang='lat' dir='ltr'>LI,</span> <span class='ocrx_word' id='word_1_237' title='bbox 829 3449 954 3531; x_wconf 90' lang='lat' dir='ltr'>quibus</span> <span class='ocrx_word' id='word_1_238' title='bbox 985 3454 1144 3512; x_wconf 88' lang='lat' dir='ltr'>narratur</span> <span class='ocrx_word' id='word_1_239' title='bbox 1173 3450 1345 3514; x_wconf 90' lang='lat' dir='ltr'>belluma</span> 
     </span>
     <span class='ocr_line' id='line_1_30' title="bbox 302 3553 1345 3654; baseline 0.004 -34"><span class='ocrx_word' id='word_1_240' title='bbox 302 3553 467 3638; x_wconf 80' lang='lat' dir='ltr'>Sadyatte</span> <span class='ocrx_word' id='word_1_241' title='bbox 490 3561 523 3618; x_wconf 89' lang='lat' dir='ltr'>et</span> <span class='ocrx_word' id='word_1_242' title='bbox 546 3554 716 3640; x_wconf 86' lang='lat' dir='ltr'>Halyatte,</span> <span class='ocrx_word' id='word_1_243' title='bbox 738 3555 915 3639; x_wconf 87' lang='lat' dir='ltr'>Lydorum</span> <span class='ocrx_word' id='word_1_244' title='bbox 933 3560 1084 3654; x_wconf 73' lang='lat' dir='ltr'>regibus,</span> <span class='ocrx_word' id='word_1_245' title='bbox 1116 3563 1231 3622; x_wconf 89' lang='lat' dir='ltr'>contra</span> <span class='ocrx_word' id='word_1_246' title='bbox 1253 3561 1345 3624; x_wconf 89' lang='lat' dir='ltr'>Mite-</span> 
     </span>
    </p>
   </div>
   <div class='ocr_carea' id='block_1_3' title="bbox 191 3657 1345 3750">
    <p class='ocr_par' dir='ltr' id='par_1_3' title="bbox 191 3657 1345 3750">
     <span class='ocr_line' id='line_1_31' title="bbox 191 3657 1345 3750; baseline 0.002 -20"><span class='ocrx_word' id='word_1_247' title='bbox 191 3657 194 3664; x_wconf 41' lang='lat'>*</span> <span class='ocrx_word' id='word_1_248' title='bbox 302 3666 368 3730; x_wconf 89' lang='lat' dir='ltr'>sios</span> <span class='ocrx_word' id='word_1_249' title='bbox 391 3671 533 3750; x_wconf 85' lang='lat' dir='ltr'>gestum,</span> <span class='ocrx_word' id='word_1_250' title='bbox 563 3665 643 3731; x_wconf 85' lang='lat' dir='ltr'>dicit</span> <span class='ocrx_word' id='word_1_251' title='bbox 673 3670 782 3730; x_wconf 90' lang='lat' dir='ltr'>totum</span> <span class='ocrx_word' id='word_1_252' title='bbox 814 3668 904 3731; x_wconf 92' lang='lat' dir='ltr'>hunc</span> <span class='ocrx_word' id='word_1_253' title='bbox 935 3670 1049 3733; x_wconf 90' lang='lat' dir='ltr'>locum</span> <span class='ocrx_word' id='word_1_254' title='bbox 1078 3675 1149 3733; x_wconf 91' lang='lat' dir='ltr'>tam</span> <span class='ocrx_word' id='word_1_255' title='bbox 1171 3671 1345 3734; x_wconf 87' lang='lat' dir='ltr'>confusum</span> 
     </span>
    </p>
   </div>
   <div class='ocr_carea' id='block_1_4' title="bbox 231 3778 1346 4084">
    <p class='ocr_par' dir='ltr' id='par_1_4' title="bbox 231 3778 1346 4084">
     <span class='ocr_line' id='line_1_32' title="bbox 303 3778 1345 3862; baseline 0.002 -20"><span class='ocrx_word' id='word_1_256' title='bbox 303 3784 442 3862; x_wconf 89' lang='lat' dir='ltr'>tamque</span> <span class='ocrx_word' id='word_1_257' title='bbox 465 3778 667 3862; x_wconf 88' lang='lat' dir='ltr'>perplexum</span> <span class='ocrx_word' id='word_1_258' title='bbox 690 3795 771 3860; x_wconf 87' lang='lat' dir='ltr'>esse,</span> <span class='ocrx_word' id='word_1_259' title='bbox 794 3783 832 3840; x_wconf 90' lang='lat' dir='ltr'>ut</span> <span class='ocrx_word' id='word_1_260' title='bbox 855 3796 933 3841; x_wconf 87' lang='lat' dir='ltr'>enm</span> <span class='ocrx_word' id='word_1_261' title='bbox 956 3798 998 3842; x_wconf 88' lang='lat' dir='ltr'>ex</span> <span class='ocrx_word' id='word_1_262' title='bbox 1021 3780 1175 3844; x_wconf 89' lang='lat' dir='ltr'>omnibus</span> <span class='ocrx_word' id='word_1_263' title='bbox 1198 3779 1274 3843; x_wconf 84' lang='lat' dir='ltr'>attis</span> <span class='ocrx_word' id='word_1_264' title='bbox 1295 3799 1345 3844; x_wconf 91' lang='lat' dir='ltr'>re·</span> 
     </span>
     <span class='ocr_line' id='line_1_33' title="bbox 231 3886 1344 3972; baseline -0.004 -17"><span class='ocrx_word' id='word_1_265' title='bbox 231 3941 233 3945; x_wconf 86' lang='lat'>.</span> <span class='ocrx_word' id='word_1_266' title='bbox 303 3891 367 3955; x_wconf 90' lang='lat' dir='ltr'>bus</span> <span class='ocrx_word' id='word_1_267' title='bbox 391 3896 464 3953; x_wconf 89' lang='lat' dir='ltr'>tum</span> <span class='ocrx_word' id='word_1_268' title='bbox 487 3907 532 3952; x_wconf 87' lang='lat' dir='ltr'>ex</span> <span class='ocrx_word' id='word_1_269' title='bbox 555 3886 715 3972; x_wconf 89' lang='lat' dir='ltr'>loquendi</span> <span class='ocrx_word' id='word_1_270' title='bbox 740 3888 897 3972; x_wconf 88' lang='lat' dir='ltr'>formula,</span> <span class='ocrx_word' id='word_1_271' title='bbox 928 3907 1016 3972; x_wconf 89' lang='lat' dir='ltr'>quae</span> <span class='ocrx_word' id='word_1_272' title='bbox 1039 3891 1196 3953; x_wconf 89' lang='lat' dir='ltr'>continno</span> <span class='ocrx_word' id='word_1_273' title='bbox 1220 3893 1263 3967; x_wconf 84' lang='lat' dir='ltr'>[c.</span> <span class='ocrx_word' id='word_1_274' title='bbox 1287 3889 1344 3970; x_wconf 87' lang='grc'>18)</span> 
     </span>
     <span class='ocr_line' id='line_1_34' title="bbox 302 3996 1346 4084; baseline -0.004 -20"><span class='ocrx_word' id='word_1_275' title='bbox 302 4000 536 4065; x_wconf 87' lang='lat' dir='ltr'>reminiscendi</span> <span class='ocrx_word' id='word_1_276' title='bbox 553 4018 655 4064; x_wconf 86' lang='lat' dir='ltr'>cause</span> <span class='ocrx_word' id='word_1_277' title='bbox 670 3996 788 4062; x_wconf 89' lang='lat' dir='ltr'>addita</span> <span class='ocrx_word' id='word_1_278' title='bbox 809 3999 860 4077; x_wconf 86' lang='lat' dir='ltr'>sit,</span> <span class='ocrx_word' id='word_1_279' title='bbox 885 3999 1026 4084; x_wconf 86' lang='lat' dir='ltr'>eluceat,</span> <span class='ocrx_word' id='word_1_280' title='bbox 1049 3999 1261 4064; x_wconf 88' lang='lat' dir='ltr'>Herodotum</span> <span class='ocrx_word' id='word_1_281' title='bbox 1283 3999 1346 4062; x_wconf 90' lang='lat' dir='ltr'>hoe</span> 
     </span>
    </p>
   </div>
   <div class='ocr_carea' id='block_1_5' title="bbox 0 0 1592 4886">
    <p class='ocr_par' dir='ltr' id='par_1_5' title="bbox 0 0 1592 4886">
     <span class='ocr_line' id='line_1_35' title="bbox 0 0 1592 4886; baseline 0 0"><span class='ocrx_word' id='word_1_282' title='bbox 0 0 1592 4886; x_wconf 95' lang='lat' dir='ltr'> </span> 
     </span>
    </p>
   </div>
  </div>
 </body>
</html>
