3176 4886
729 293 884 392 *26-

285 467 312 529 si
336 464 615 530 continuationem
638 468 847 554 narrationis,
870 470 927 534 ubi
950 469 1013 532 loci
1038 468 1130 533 allati
1153 472 1323 546 inveniun-

284 580 348 660 tur,
378 575 567 656 diligentiua
598 578 852 662 examinaveris,
881 580 979 644 facilc
1008 579 1191 666 intelleges,
1221 583 1323 648 Hero-

284 683 400 749 dotum
423 686 515 750 uliud
538 687 745 770 propositum
768 688 894 753 habere
922 691 956 754 in
980 710 1006 754 c.
1029 692 1092 755 180
1115 690 1136 754 l.
1159 692 1200 776 II,
1229 694 1321 759 aliud

284 796 318 858 in
343 815 369 860 c.
392 797 433 860 62
455 797 476 863 l.
498 797 545 864 V:
574 797 632 862 illo
656 797 745 861 enim
775 798 849 863 loco
872 801 933 864 hoe
955 801 1162 882 potissimum
1186 805 1263 890 agit,
1285 809 1322 867 ut

283 908 419 972 divitias
449 911 482 972 et
504 926 583 994 opes
606 909 852 992 Aegyptiorum
881 912 1066 977 honoribus·
1085 920 1231 993 exornet,
1260 917 1332 981 hoe

284 1016 407 1081 merita
440 1016 760 1082 Alcmaeonidarum
796 1016 956 1083 laudibus
994 1020 1167 1088 celebrare
1202 1024 1320 1090 studet.

283 1127 436 1211 Uterque
451 1145 530 1210 ergo
546 1127 639 1191 locus
661 1131 817 1192 contextu
833 1147 943 1193 rernm
966 1132 1039 1215 ipsc
1062 1135 1246 1216 requiritur
1268 1153 1321 1199 ne·

283 1255 350 1318 quc
365 1235 438 1300 fieri
452 1235 562 1320 potuit
582 1237 664 1320 quin
680 1236 870 1301 Herodotus
887 1237 1144 1304 Alcmaeonidas
1160 1245 1320 1325 templum

282 1343 480 1424 Delphicum
510 1344 755 1409 restituendum
783 1345 982 1411 conduxisse
1004 1348 1109 1413 altero
1131 1350 1203 1414 loco
1226 1371 1321 1433 prae·

282 1455 489 1519 termitteret.
544 1453 670 1538 Utique
703 1473 783 1519 vero
818 1473 902 1538 nego
936 1458 1122 1543 quidquam
1157 1479 1228 1525 esse
1261 1481 1320 1525 cur

280 1561 358 1624 inde
389 1560 632 1640 concludamus,
663 1566 849 1646 utrumque
878 1563 990 1629 locum
1020 1567 1160 1632 alteriue
1190 1569 1319 1632 ratione

281 1687 348 1733 non
376 1670 492 1734 habita
522 1674 720 1754 conceptum
749 1689 830 1735 esse.
875 1672 1014 1736 Accedit
1044 1675 1134 1757 quod
1162 1675 1198 1737 in
1228 1694 1253 1737 c.
1277 1679 1317 1739 62

281 1779 302 1842 1.
325 1780 356 1846 V
378 1780 464 1844 nihil
485 1779 644 1862 scriptum
675 1784 733 1863 eat,
762 1780 923 1860 tempium
952 1781 1147 1861 Delphinum
1178 1784 1318 1846 flammis

281 1887 499 1973 absumptum
536 1907 623 1968 esse3
656 1887 745 1951 unde
778 1905 836 1950 nos
869 1888 1079 1966 coniciamus,
1112 1887 1319 1952 Herodotum

281 1999 346 2063 hcc
367 1998 440 2065 loeo
463 1999 506 2077 id,
529 2000 654 2084 quippe
676 1998 766 2082 quod
788 1998 857 2060 iam
870 1993 896 2059 Ἰ
913 1995 957 2060 50
971 2001 1004 2060 et
1020 1998 1053 2061 II
1070 1999 1133 2062 180
1155 2000 1318 2081 scriptum

281 2105 428 2187 haberet,
452 2111 600 2173 consulto
623 2109 780 2173 omisisse.

385 2219 435 2284 24.
478 2219 518 2282 In
541 2238 567 2282 c.
597 2219 683 2284 601.
707 2219 753 2284 VI
785 2235 863 2281 eum
893 2217 961 2281 alio
991 2222 1063 2282 tum
1088 2219 1173 2282 haec
1195 2219 1318 2300 scripta

282 2332 371 2392 sunt:
394 2326 606 2412 συμφέρονται
630 2326 665 2390 δέ
693 2328 770 2392 καί
801 2326 910 2390 τάδε
942 2325 1140 2412 Αἰγυπτίοισι
1163 2326 1319 2391 Λακεδαι-

283 2437 393 2522 μόνιοι·
424 2435 454 2500 οἱ
483 2436 624 2521 κήρυκες
654 2436 757 2500 αὐτῶν
788 2435 844 2498 καί
868 2434 1002 2519 αὐληταί
1025 2438 1080 2500 καί
1103 2437 1247 2521 μάγειροι
1270 2438 1320 2501 ἐκ·

283 2541 429 2608 δέκονται
457 2545 513 2620 τὰς
535 2541 697 2627 πατρωίας
720 2541 846 2629 τέχνας,
876 2543 931 2606 καί
954 2541 1093 2627 αὐλητής
1115 2565 1150 2608 τε
1174 2543 1318 2629 αὐλητέω

281 2653 400 2739 γίνεται
414 2654 470 2718 καί
486 2653 634 2739 μάγειρος
651 2651 804 2738 μαγείρου
828 2653 884 2716 καί
907 2652 1009 2738 κῆρυξ
1032 2652 1201 2739 κήρυκσς;’
1217 2657 1320 2741 quod·

281 2769 310 2833 si
344 2765 427 2832 haec
456 2768 561 2832 verba
590 2769 683 2852 legis,
717 2767 781 2830 tibi
807 2765 998 2848 ponendum
1029 2770 1086 2846 est,
1119 2769 1186 2829 iam
1216 2785 1320 2851 supra

282 2877 555 2962 aliquantutum
578 2897 658 2955 rem,
682 2895 769 2960 quae
793 2875 1074 2940 Lacedaemoniis
1089 2894 1166 2938 eum
1187 2874 1320 2960 Aegyp·
1360 2963 1368 2972 μ

282 2990 336 3052 tiis
374 2991 573 3073 conveniret,
613 2991 909 3050 commemoratam
944 3004 1024 3069 esee,
1062 3004 1136 3049 cum
1171 2986 1320 3070 alioquin

280 3100 385 3164 verba
408 3116 495 3183 quae
518 3102 594 3162 suut
615 3096 671 3159 καί
693 3093 827 3159 τάδε-
846 3115 1053 3180 quamquam
1077 3096 1240 3161 vocabulo
1264 3093 1319 3158 καί

280 3208 418 3271 nimiam
434 3209 502 3271 vim
525 3205 672 3272 tribuere
694 3206 796 3270 nolim
812 3241 854 3251 —-
871 3223 935 3268 non
951 3209 1042 3268 recte
1061 3206 1233 3286 percipere
1248 3221 1319 3286 pos·

282 3293 350 3400 oee3
379 3316 415 3381 id
444 3317 532 3401 quod
555 3317 684 3382 iuvenis
706 3315 741 3378 in
764 3333 809 3380 co.
832 3315 874 3380 80
898 3320 930 3378 et
953 3316 1015 3378 167
1039 3315 1060 3378 l.
1082 3313 1124 3391 ΙΙ,
1157 3313 1214 3377 ubi
1237 3313 1320 3394 legis

283 3430 381 3491 haee:
404 3425 434 3490 οί
456 3405 604 3510 νεώτεροι
626 3427 730 3491 αὐτῶν
754 3427 812 3505 (se.
837 3421 1018 3508 Αἰγυπτίων
1041 3422 1097 3486 ναί
1120 3420 1319 3506 Λακεδαιμο-

281 3535 371 3617 νίων)
386 3543 468 3599 τοῖσι
482 3535 721 3620 πρεσβυτέροισι
738 3534 1010 3620 συντυγχάνοντες
1030 3533 1153 3596 εἴκουσι
1168 3539 1224 3615 τῆς
1242 3529 1318 3594 ὁδοῦ

182 3642 186 3652 ’
282 3644 338 3708 καί
361 3644 573 3728 έντριίπονται
602 3644 657 3706 καί
687 3643 810 3706 ἐπιοῦσι
841 3642 874 3720 ἐξ
898 3641 989 3726 ἕδρης
1013 3639 1248 3722 ὑπανιστέαται,
1272 3646 1321 3705 et:

284 3751 492 3840 μεμαθήκασι
514 3759 572 3830 (so.
588 3754 630 3817 ab
648 3754 821 3836 Aegyptiis
829 3753 860 3834 ’1)
884 3751 913 3814 δ’
933 3751 976 3815 ὡν
998 3758 1092 3814 τοῦτο
1116 3755 1175 3830 (sc.
1199 3752 1321 3814 milites

276 3865 435 3952 maximi,
458 3865 589 3928 minimi
610 3864 741 3945 opifices
757 3863 953 3944 aestimare)
976 3860 1091 3936 πάντες
1115 3857 1322 3943 οίἝλληνες

284 3971 752 4057 καίμαλισταΛακεδαιμόνιοι.
777 3969 916 4051 (coner
928 3989 1015 4055 qnae
1029 3969 1187 4035 annotavi
1200 3968 1242 4032 ad
1257 3969 1323 4048 13).
