3176 4886
693 256 848 354 *m*

246 435 303 492 τοῦ
320 425 516 514 λαβυρίνθου
530 426 656 492 τούτου.
680 426 784 492 καίτοι
806 424 1061 510 ἀξιόλογός
1090 447 1138 513 γε
1165 449 1188 492 κ
1198 429 1242 492 αἰ
1270 429 1286 493 ὁ

248 538 293 603 ἐν
319 535 488 621 Ἐφέσῳ
520 537 617 602 ἐστὶ
647 539 754 620 νηὸς
784 536 860 601 καί
884 535 900 599 ὁ
924 534 1288 621 ἐνΣοὶμῳ,ἰοοθνοοον

249 667 421 731 possumus
444 649 525 732 quin
548 665 609 732 pro
634 653 723 713 certo
740 649 933 731 habeamus,
955 647 1039 712 haec
1061 649 1186 731 templa
1208 668 1288 734 pau-

247 758 293 820 cis
315 755 435 838 attingi
458 756 573 838 aliquo
596 753 671 820 loco
694 755 845 820 eiusdem
870 755 979 838 operis
1000 774 1058 819 seu
1082 756 1288 820 antecedenti

247 882 304 928 seu
329 865 552 947 consequenti.
595 865 638 928 Et
660 866 817 928 nimirum
837 882 890 928 res
913 865 961 928 ita
981 882 1054 928 sese
1077 863 1187 949 habet,
1210 883 1285 928 cum
1370 913 1374 922 .

247 974 436 1040 Herodotus
464 975 498 1038 in
528 993 554 1038 c
585 975 626 1040 92
657 975 678 1039 l.
707 974 723 1038 I
754 975 955 1039 mentionem
984 974 1084 1037 iaciat
1106 991 1285 1038 aurearum

246 1103 427 1149 vaccarum
461 1089 494 1148 et
527 1084 757 1148 columnarum
792 1101 876 1167 quas
913 1081 1056 1148 Croesus
1092 1084 1126 1146 in
1160 1085 1286 1168 templo

246 1193 354 1279 (quod
385 1196 486 1259 etiam
516 1195 533 1257 I
561 1195 603 1257 26
633 1196 932 1276 commemoratur)
962 1195 1092 1258 Dianae
1122 1193 1287 1278 Ephesiae

246 1308 411 1389 posuerat,
432 1305 465 1367 in
489 1321 514 1369 e.
534 1305 577 1368 60
592 1305 613 1367 l.
628 1303 680 1368 111
702 1303 789 1368 dicat
813 1322 849 1370 se
871 1304 994 1384 templo
1009 1303 1148 1367 lunonis
1163 1303 1286 1390 Samio,

249 1416 338 1498 quod
360 1416 376 1479 I
400 1416 450 1498 70,
472 1415 521 1480 IV
536 1415 578 1482 88
593 1419 627 1478 et
649 1415 723 1501 152,
746 1415 796 1478 IX
812 1415 855 1477 96
878 1413 1074 1495 simpliciter
1094 1415 1131 1478 τὸ
1154 1410 1285 1499 Ἡραῖον

251 1524 376 1610 dicitur,
391 1525 521 1588 nullum
534 1526 644 1588 maius
658 1543 808 1607 unquam
821 1523 953 1588 vidisse.
975 1521 1075 1606 Quod
1088 1526 1126 1588 A.
1140 1524 1288 1590 Bauerus

253 1633 289 1710 (l.
310 1654 337 1700 a
357 1657 388 1720 p.
410 1637 452 1699 35
467 1633 509 1698 ¹et
531 1636 589 1716 36)
612 1634 656 1699 de
677 1635 746 1698 illis
768 1635 849 1698 locis
879 1633 1032 1716 pluribus
1054 1634 1165 1699 verbis
1188 1653 1287 1718 expo-

252 1746 305 1828 nit,
328 1745 485 1828 equidem
508 1764 641 1811 assensu
671 1764 747 1811 meo
776 1763 842 1809 non
872 1743 1171 1832 comprobaverim,
1193 1764 1287 1828 prae-

248 1857 361 1919 sertim
378 1876 453 1921 cum
471 1857 552 1920 mihi
568 1875 763 1941 persuasum
780 1857 830 1940 sit,
852 1855 971 1940 verbis,
994 1873 1081 1938 quaa
1095 1865 1170 1919 eunt
1192 1854 1285 1919 ἐλάσ-

247 1985 339 2041 σονος
362 1963 463 2030 πόνου
485 1984 520 2028 τε
542 1964 598 2029 καί
621 1963 764 2049 δαπάνης
788 1969 822 2028 et
836 1961 940 2028 καίτοι
962 1960 1141 2047 ἀξιόλογος,
1163 1983 1287 2048 nequa·

248 2092 351 2156 quam
374 2079 441 2138 tam
458 2075 663 2140 fastidiosam
679 2052 787 2157 quam¹
803 2075 861 2138 ille
883 2073 956 2136 vult
978 2075 1177 2139 sententiam
1199 2076 1288 2141 subi·

248 2181 400 2248 ciendam
424 2203 503 2250 esse.
527 2220 566 2232 —
591 2185 635 2248 At
654 2173 809 2260 hocloco
832 2182 977 2264 (11148)
1001 2182 1191 2250 Herodotus
1214 2204 1285 2250 rem
1321 2184 1325 2189 ’

248 2294 367 2358 leviter
388 2294 588 2381 perstringit,
610 2313 712 2379 quam
735 2300 852 2378 postea
874 2294 1010 2358 demum
1027 2295 1165 2378 (11160)
1187 2297 1287 2379 pluri·

248 2406 309 2470 bus
344 2405 456 2470 verbis
491 2407 720 2490 persequitnr3
753 2404 917 2469 eiusmodi
952 2408 1066 2470 autem
1100 2405 1190 2470 locos
1222 2423 1287 2471 non

247 2517 324 2579 satis
347 2522 439 2581 recte
466 2516 617 2598 intellegi
645 2534 742 2599 posse
765 2518 805 2581 Α.
826 2516 975 2580 Bararus
997 2519 1030 2578 et
1053 2513 1084 2580 C.
1108 2514 1288 2582 Hachezius

249 2625 370 2711 dieunt,
394 2627 457 2690 nisi
473 2629 501 2690 si
515 2627 677 2710 ponimus,
700 2625 919 2710 Herodotum,
942 2643 1019 2688 eum
1034 2625 1186 2690 historias
1208 2631 1287 2690 suas

247 2742 322 2802 ante
344 2738 522 2820 seperatim
552 2739 754 2819 conscriptas
784 2740 981 2800 retractaret
1011 2739 1045 2798 et
1074 2736 1289 2820 coniungeret

245 2847 331 2910 inter
353 2864 398 2931 se,
427 2851 501 2910 tum
524 2845 661 2909 demum
684 2864 740 2910 eos
763 2844 940 2910 addidisse.
985 2835 1052 2908 Sed
1075 2849 1206 2910 tantum
1229 2845 1286 2909 ab·
1359 2831 1362 2836 ’

246 2951 317 3018 e'sse
341 2952 499 3036 equidem
521 2959 611 3040 puto,
641 2959 679 3018 ut
700 2955 773 3019 illos
803 2954 893 3019 locos
917 2954 981 3018 ista
1003 2957 1134 3018 tantum
1156 2955 1286 3018 ratione

245 3069 338 3129 recte
360 3064 486 3146 percipi
508 3065 643 3150 possint,
665 3070 703 3129 ut
720 3064 839 3151 dicam,
862 3063 953 3148 quod
970 3063 1160 3129 Herodotus
1182 3064 1199 3128 Ι
1217 3065 1286 3143 135,

247 3174 319 3259 140,
343 3174 415 3258 193,
439 3174 505 3241 VII
528 3174 581 3256 80,
611 3175 685 3240 aliis
707 3175 789 3239 locis
811 3193 864 3239 res
887 3175 1007 3239 leviter
1028 3175 1172 3262 attingit,
1198 3194 1285 3258 qnae

245 3288 361 3364 postea
383 3284 519 3348 demum
538 3286 674 3350 uberius
697 3284 931 3369 explanantur,
953 3286 1085 3349 etiamsi
1108 3285 1152 3350 ad
1175 3286 1286 3350 locum

246 3398 373 3457 eertum
394 3412 459 3460 non
474 3395 682 3481 detegamur,
696 3401 755 3460 aut
770 3413 861 3478 qnae
879 3414 943 3459 non
959 3397 1022 3460 nisi
1037 3397 1286 3462 continuatione

245 3505 397 3588 serieque
426 3525 538 3570 rernm
566 3507 601 3570 in
630 3505 846 3589 sequentibus
875 3505 974 3571 libris
1004 3507 1105 3571 latius
1128 3510 1287 3589 perscrip-

244 3618 354 3678 tarum
378 3617 607 3701 requiruntur,
620 3616 707 3681 'inde
728 3618 811 3681 item
833 3617 1001 3702 consequi,
1032 3635 1109 3682 eum
1132 3618 1286 3684 historias

243 3741 319 3787 suas
353 3725 472 3788 eodem
502 3743 602 3809 quern
636 3745 723 3788 nuno
758 3725 924 3790 habemus
955 3724 1072 3790 ordine
1100 3725 1287 3807 perfecisse.

243 3833 328 3900 Cum
352 3836 439 3900 enim
464 3835 555 3902 loces
579 3855 661 3920 quos
685 3836 761 3901 dieo
784 3835 939 3920 legimus,
972 3837 1128 3901 continno
1152 3854 1287 3919 exspec-

243 3949 362 4030 tamus,
393 3965 451 4012 nos
473 3966 526 4012 res
548 3937 749 4030 significatas
772 3947 807 4009 in
830 3945 950 4012 eodem
973 3963 1075 4028 opere
1097 3948 1286 4012 accuratius
