3176 4886
249 523 309 586 191
338 523 357 586 l.
382 521 398 584 Ι
407 547 413 584 :
441 519 636 605 ἀπικόμενος
663 519 698 583 δὲ
725 519 776 583 ἐπὶ
802 521 858 602 τὴν
886 516 1006 602 λίμνην,
1034 517 1073 581 τοί
1098 529 1157 602 περ
1184 515 1290 601 ἡτῶν

249 621 462 718 Βαβυλωνίων
487 627 632 715 βασίλειοι
657 627 786 713 ἐποίησε
815 627 900 691 κατοί
927 649 962 691 τε
983 629 1038 692 τὸν
1065 629 1209 712 ποταμὸν
1233 626 1290 689 καί

247 743 329 804 κατὰ
358 743 416 824 τὴν
448 739 577 824 λίμνην,
612 737 718 803 ἐποίεε
752 739 807 802 καί
837 738 855 801 ὁ
886 735 993 822 Κῦρος
1023 738 1116 822 ἕτερα
1150 743 1290 816 τοιαῦτα,

245 855 397 934 spectare
420 850 505 912 haec
528 853 712 931 quaesunt
738 852 773 912 in
799 867 825 913 c.
852 847 916 911 185
943 848 965 912 l.
987 847 1019 910 I:
1046 843 1231 930 κατύπερθε
1246 843 1290 922 ,δὲ

243 955 357 1042 πολλῷ
381 953 575 1042 Βαβυλῶνος
600 957 725 1040 ὤρυσσε
755 958 813 1035 (sc.
835 952 1008 1039 Νίτωκρις)
1037 953 1169 1037 ἔλυτρον
1195 951 1291 1037 λίμνη

247 1066 329 1144 κτλ,
354 1071 388 1158 et
409 1068 444 1129 in
468 1085 494 1131 c.
516 1066 580 1129 186
599 1067 674 1130 il:
698 1062 800 1141 ὡς’δὲ
821 1064 858 1128 τό
880 1085 915 1129 τε
938 1063 1079 1150 ὀρυχθὲν
1099 1060 1193 1147 λίμνη
1213 1061 1293 1148 πλη-

245 1197 302 1261 ρης
326 1175 472 1268 ἐγεγβνεε
494 1175 557 1238 ὑπὸ
579 1182 636 1238 τοῦ
659 1181 806 1260 ποταμοῦ
826 1175 882 1238 καί
902 1176 943 1238 τὰ
965 1174 1038 1259 περί
1060 1177 1117 1258 τὴν
1143 1171 1288 1258 γέφυραν

247 1283 455 1374 ἐκεκόσμητο,
479 1285 533 1347 τὸν
549 1281 720 1368 Εὐφρήτην
739 1285 883 1368 ποταμὸν
908 1284 939 1360 ἐς
961 1286 1005 1368 τολ1
1025 1283 1147 1370 ἀρχαῖα
1171 1281 1291 1366 ῥέεθρα

247 1395 285 1458 ἐκ
301 1402 356 1478 της
374 1391 485 1478 λίμνης
505 1392 645 1479 ἐξήγαγε
666 1393 737 1458 κτλ.
782 1396 864 1461 Inde
886 1396 991 1478 igitur
1014 1413 1218 1478 consequens
1241 1398 1290 1458 est

248 1509 287 1568 ui
310 1507 421 1589 capita
442 1506 511 1590 illa,
535 1523 623 1588 quas
644 1506 684 1570 A.
707 1505 855 1569 Baucrus
877 1523 921 1568 ex
945 1505 1057 1588 priore
1078 1523 1192 1568 rerum
1215 1521 1290 1568 con-

249 1619 346 1678 textu
369 1614 486 1678 tollere
508 1615 591 1700 vult,
614 1615 747 1679 omniuo
762 1632 827 1678 non
843 1614 932 1677 demi
955 1614 1089 1699 possint,
1112 1634 1188 1679 curn
1212 1614 1293 1678 aiio-

247 1726 326 1806 quiu
339 1725 443 1790 verba
455 1726 572 1810 capitis
586 1725 648 1788 191
662 1737 726 1788 uon
738 1724 819 1788 satis
832 1728 922 1788 recte
931 1727 1102 1806 percipere
1114 1741 1294 1806 possemus,

349 1834 379 1896 3.
424 1832 524 1916 Quod
548 1832 739 1896 Herodotus
761 1832 796 1896 in
819 1833 924 1895 c.100
948 1831 1015 1896 l.11
1037 1831 1292 1896 commentario-

244 1962 319 2006 rum
347 1962 368 2006 a
397 1943 629 2007 sacerdotibus
660 1942 702 2006 de
730 1943 833 2006 rebus
862 1962 882 2006 a
911 1944 1048 2024 regibus
1071 1941 1291 2024 Aegyptiacis

246 2053 346 2131 gestis
369 2050 627 2136 compositorum
651 2049 707 2130 (ἐκ
730 2049 857 2137 βίβλου)
881 2052 1050 2115 mentione
1072 2051 1161 2114 iacta
1185 2053 1287 2133 atque

251 2161 400 2244 muliere,
433 2180 520 2245 quae
549 2166 582 2225 et
611 2165 683 2243 ipsa
712 2163 746 2225 in
775 2162 931 2245 Aegypto
962 2165 1172 2246 regnaverat³
1206 2177 1293 2224 cour·

249 2274 436 2334 memorata
466 2271 557 2335 addit
588 2274 686 2335 haec:
715 2278 754 2356 τῇ
786 2269 822 2334 δὲ
851 2270 978 2355 γυναικί
1008 2270 1131 2355 οὔνομα
1161 2269 1200 2355 ην
1226 2269 1293 2354 ἥτις

248 2374 445 2462 ἐβασίλευσε,
468 2376 597 2463 τόπερ
619 2377 947 2465 τηΒαβυλωνίη,
971 2377 1193 2463 Νίτωκρις,
1218 2380 1291 2463 quis

248 2490 297 2550 est
319 2485 377 2570 qui
399 2506 465 2552 non
481 2490 636 2553 continuo
652 2507 712 2570 pro
729 2494 819 2554 certo
839 2489 973 2574 habeat,
995 2490 1064 2553 iam
1087 2507 1191 2574 supra
1213 2506 1291 2551 eum

247 2598 437 2684 narravisse
466 2617 519 2662 rss
549 2617 570 2661 a
600 2598 731 2664 Nicocri
759 2599 820 2663 illa
849 2599 1037 2680 Babylonia
1059 2603 1177 2684 gestas,
1199 2617 1293 2681 prae·

247 2707 363 2770 sertim
379 2728 462 2794 cum,
485 2711 546 2774 hoc
568 2711 632 2773 nisi
654 2712 780 2774 factum
804 2717 888 2775 esset
906 2712 940 2774 in
965 2728 1010 2775 cc.
1034 2710 1204 2776 185-187
1228 2709 1292 2794 11,

248 2833 347 2879 nemo
370 2818 478 2901 sciret,
501 2819 576 2900 quis
600 2823 685 2882 esset
707 2819 832 2884 femina
857 2819 917 2883 illa
940 2818 1152 2899 Babylonia?

352 2927 381 2992 4.
425 2927 616 2993 Herodotus
646 2929 735 3012 quod
766 2931 799 2993 in
830 2949 855 2993 c.
885 2929 928 2993 10
955 2931 974 2995 l.
998 2930 1049 2993 III
1079 2927 1160 2993 dicii
1190 2930 1290 2993 haec:

246 3033 421 3099 ἀποθανὼν
453 3035 489 3100 δὲ
517 3038 573 3100 καί
610 3037 814 3126 ταριχευθεὶς
844 3038 945 3123 ἐτάφη
983 3042 1041 3120 (sc.
1071 3037 1225 3137 ’βμασιθ
1259 3037 1291 3102 ἐν
1326 3054 1327 3061 “

245 3149 339 3227 τῇσι
360 3153 512 3228 ταφῇσι
534 3155 627 3232 τησι
650 3149 749 3234 ἐντῷ
776 3147 862 3232 ίρῷ,
890 3150 960 3224 τὰς
983 3144 1107 3224 αὐτὸς
1131 3144 1292 3209 οἰκοδο-

247 3252 423 3336 μήσατο,
458 3262 584 3339 spectsi
611 3258 704 3322 haud
739 3259 841 3323 dubie
875 3257 920 3322 ad
950 3277 975 3322 c.
1009 3258 1071 3320 169
1102 3256 1123 3322 l.
1152 3256 1196 3339 11,
1232 3257 1293 3320 ubi

247 3370 498 3430 monumentum
520 3355 665 3450 sepulcri
693 3370 823 3434 Amasis
851 3366 1061 3434 describitur.
1106 3366 1190 3431 Inde
1213 3386 1290 3432 cou-

246 3474 418 3541 ciudamus
449 3496 582 3541 necesse
613 3483 671 3561 esi,
706 3477 830 3542 librum
861 3478 895 3542 Π
928 3479 1021 3560 prius
1055 3498 1157 3562 quam
1187 3479 1208 3543 L
1242 3479 1293 3544 III

246 3587 468 3668 conscriptum
496 3605 583 3672 esse3
613 3588 764 3671 alioquin
794 3589 883 3652 enim
914 3591 1047 3654 omniuo
1077 3591 1290 3675 nesciremus,

246 3695 326 3776 quid
349 3696 435 3760 illud
453 3698 584 3762 Amasis
603 3700 796 3782 sepulcrum
820 3699 960 3779 (11110)
983 3701 1077 3764 nobis
1100 3699 1291 3783 intellegen-

245 3804 324 3867 dum
349 3811 445 3870 esset.

350 3916 378 3979 5.
423 3917 516 3979 Haec
546 3936 633 4000 quae
663 3917 853 3983 Herodotus
884 3919 918 3981 in
948 3937 974 3983 c.
997 3919 1039 3982 36
1068 3919 1089 3982 l.
1111 3919 1164 3983 III
1194 3918 1290 3984 Cam·

243 4023 345 4104 bysen
370 4023 494 4090 Croeso
518 4026 683 4091 dicentem
707 4029 800 4091 facit:
837 4028 875 4091 σὺ
899 4026 954 4090 καὶ
977 4027 1047 4110 ἐμοί
1068 4027 1189 4113 τολμᾷς
1213 4048 1290 4112 συμ-

1080 4146 1097 4196 2
