3176 4886
754 269 909 369 —ltl-

309 433 516 498 Herodotum
536 441 669 503 omnino
685 457 749 504 non
773 443 906 528 fugisse,
929 461 964 507 se
985 446 1162 509 nonnullas
1176 467 1229 512 res
1251 451 1351 532 pluri-

311 541 370 604 bus
392 542 474 607 locis
497 563 778 614 commemorasse
801 551 949 617 eiusdem
974 555 1092 636 operis.

412 691 550 756 Praeter
572 697 662 762 locos
686 699 866 784 dequibus
886 701 984 765 modo
1005 703 1256 792 disputavimus,
1283 713 1352 793 qui-

259 691 332 1028 l

334 819 370 862 us
392 799 539 884 legentes
564 809 728 890 expressis
758 810 869 873 verbis
897 811 939 874 ad
963 831 1066 894 supra
1097 816 1166 881 iam
1190 816 1280 882 dieta
1304 839 1352 883 re·

331 916 479 997 ocantur,
509 915 568 978 alii
598 917 734 996 plurimi
764 920 974 983 inveniuntur
1005 923 1039 984 in
1063 923 1226 992 Herodoti
1248 928 1352 1014 libris,

308 1019 429 1100 quibus
452 1024 513 1086 etsi
535 1041 600 1088 non
624 1024 755 1112 diserte,
786 1028 886 1092 tacite
910 1034 1021 1094 tamen
1047 1031 1092 1095 ad
1118 1039 1350 1106 antecedentia

307 1129 518 1195 remittimur.
562 1133 650 1197 Nam
678 1135 743 1200 loci
773 1155 854 1219 quos
887 1138 960 1202 dico
990 1140 1039 1204 ita
1069 1141 1246 1211 dumtaxat
1270 1151 1351 1213 satis

306 1238 455 1321 intellegi
477 1247 623 1329 possunt,
655 1264 731 1308 cum
753 1265 805 1310 res
829 1267 911 1332 quas
934 1250 1121 1315 Herodotus
1154 1255 1222 1318 iam
1246 1277 1350 1343 supra

305 1349 455 1411 narravit
474 1352 605 1435 penitus
623 1355 785 1420 novimus.
831 1356 915 1422 Cum
935 1358 1013 1424 inde
1029 1361 1113 1425 mihi
1138 1367 1350 1445 apertissime

306 1457 436 1523 elucere
458 1461 621 1549 videatur,
643 1465 850 1532 Herodotum
873 1487 957 1553 opus
979 1489 1078 1535 suum
1102 1472 1221 1538 eodem
1248 1496 1349 1560 quem

304 1586 392 1631 nunc
411 1570 573 1638 babemus
592 1574 710 1640 ordine
728 1583 829 1661 atque
847 1581 1091 1646 continuatione
1107 1587 1349 1688 conscripsisse,

304 1695 369 1740 non
389 1680 536 1764 singulas
557 1685 721 1770 historias,
744 1705 831 1769 quae
854 1689 947 1752 nullo
969 1689 1104 1752 vinculo
1128 1693 1347 1758 cohaererent
1378 1769 1382 1775 ‚
1425 1739 1428 1746 «

304 1787 392 1851 inter
413 1795 645 1876 se,'perleetas
662 1795 825 1880 habuisse,
850 1798 893 1860 ab
909 1794 1019 1860 animo
1036 1815 1101 1861 uon
1124 1816 1259 1878 possum
1287 1803 1346 1863 im-

303 1901 446 1985 petrare,
470 1904 549 1985 quin
571 1903 646 1966 illos
669 1922 863 1969 enumerem
887 1904 985 1969 locos.

408 2047 437 2108 1.
482 2045 579 2129 Quod
603 2049 790 2114 Herodotus
806 2050 840 2112 in
856 2069 882 2114 c.
898 2051 961 2116 162
986 2051 1038 2117 l.I
1061 2053 1154 2116 dicit:
1177 2050 1346 2138 Ἅρπαγος

303 2148 423 2238 κατέβη
447 2153 599 2244 διάδοχος
615 2157 810 2245 στρατηγίης,
836 2157 928 2244 γένος
950 2161 1006 2224 καὶ
1029 2163 1124 2239 αὐτὸς
1147 2161 1207 2226 ἐὼν
1224 2159 1345 2248 Μῆδος,

301 2274 356 2337 τὸν
389 2263 406 2325 ὁ
436 2261 557 2350 Μήδων
587 2268 736 2355 βασιλεὺς
767 2268 948 2355 Ἀστυάγης
982 2271 1119 2358 ἀνόμῳ
1157 2272 1345 2358 τραπέζῃ

302 2381 417 2460 ἔδαισε,
447 2378 550 2443 verba
583 2397 671 2461 quae
703 2385 780 2444 sunt
811 2381 929 2463 ἄνομος
956 2381 1102 2464 τράπεζα
1124 2385 1257 2446 omnino
1282 2401 1346 2447 non

301 2494 588 2574 intellegeremus,
621 2491 684 2552 nisi
717 2508 820 2574 supra
853 2493 895 2567 (c.
928 2490 1009 2569 119)
1042 2496 1218 2554 narratum
1254 2501 1346 2579 esser,

303 2603 473 2684 Astyagen
493 2601 651 2681 Harpago
667 2599 799 2662 viscera
815 2600 952 2662 mactati
967 2600 1027 2663 filii
1051 2602 1122 2704 eius
1146 2604 1346 2686 apposuisse.

302 2713 391 2795 Ergo
422 2711 540 2774 vitiose
571 2707 741 2773 concludit
767 2710 807 2773 A.
830 2710 986 2794 Banerns,
1017 2729 1092 2774 cum
1121 2712 1157 2789 (1.
1180 2731 1210 2777 a.
1235 2732 1265 2794 p.
1288 2715 1345 2794 72)

303 2821 390 2906 dicit,
415 2821 565 2884 locorum
594 2819 775 2882 allatorum
806 2823 987 2903 utrumque
1013 2820 1125 2906 ipsum
1155 2840 1214 2902 per
1241 2841 1277 2886 ee
1300 2821 1346 2886 al-

302 2931 407 2996 terius
424 2931 555 2994 ratione
577 2945 642 2992 non
666 2929 779 2994 habita
803 2931 963 3011 seriptum
987 2949 1067 2996 esse.

390 3065 435 3142 ΑΙ2.
479 3076 518 3140 Α.
541 3076 688 3140 Buaerue
714 3074 751 3154 (l.
777 3093 859 3157 ap.
884 3076 941 3153 79)
968 3075 1195 3142 demonstrare
1223 3076 1345 3162 studet,

301 3184 508 3250 Herodotum
530 3202 575 3248 cc.
599 3181 769 3248 lla—187
794 3183 875 3248 libri
889 3184 915 3269 I,
938 3204 1015 3248 cum
1040 3188 1234 3249 retractaret
1258 3201 1343 3266 opus

300 3313 408 3378 suum,
436 3296 507 3356 tum
539 3291 677 3356 demum
703 3291 891 3376 inseruisse.
938 3294 981 3358 At
1004 3293 1109 3356 verba
1139 3293 1256 3373 capitis
1284 3290 1343 3355 191

300 3402 448 3466 eiusdem
471 3401 549 3465 libri
573 3419 664 3484 quae
688 3406 777 3465 sunt:
800 3399 897 3480 τάξας
918 3403 976 3486 τὴν
996 3403 1143 3485 στρατιὴν
1161 3402 1292 3466 ἅπασαν
1310 3399 1344 3478 ἐξ

299 3509 439 3598 ἐμβολῆς
453 3516 510 3574 τσῦ
526 3515 681 3594 ποταμοῦ,
697 3517 735 3594 τῇ
748 3509 781 3585 ἐς
796 3512 852 3593 τὴν
868 3509 963 3575 πάλιν
976 3509 1138 3596 ἐσβάλλει,
1155 3510 1211 3574 καί
1228 3509 1344 3574 ὄπισθε

299 3621 386 3698 αὖτις
411 3628 468 3705 τῆς
494 3617 605 3695 πόλιος
630 3617 727 3696 τάξας
757 3613 892 3701 caepae,
922 3626 961 3703 τῇ
989 3617 1063 3696 ἐξίει
1089 3619 1128 3682 ἐκ
1149 3627 1206 3704 τῆς
1229 3618 1357 3694 πόλιοςν

300 3729 317 3792 ὁ
340 3729 484 3815 ποταμός
510 3727 582 3793 κτλ.
604 3730 772 3794 neminem
788 3728 911 3810 fugerit
933 3729 1101 3810 pertinere
1124 3748 1202 3794 cum
1227 3730 1270 3793 ad
1297 3749 1343 3794 cc.

302 3839 471 3906 177-183
485 3846 555 3905 tum
571 3839 615 3904 ad
631 3859 656 3904 c.
674 3837 736 3902 180
752 3839 773 3902 l.
787 3839 814 3924 I,
830 3839 951 3922 quibus
967 3838 1119 3920 Babylon
1136 3841 1273 3906 uberius
1290 3840 1345 3903 de·

299 3953 472 4036 scribitur3
484 3971 590 4036 neque
602 3953 710 4016 minus
722 3951 938 4016 manifestum
949 3953 998 4014 est
1012 3950 1205 4017 lraeeverba
1221 3949 1343 4032 capitis
