3176 4886
744 310 787 373 44

686 397 841 410 *—

249 488 378 554 toribus
409 487 464 550 vel
495 486 616 550 Siculis
651 487 826 569 excepisse
856 504 935 548 eum
969 485 1069 548 facile
1104 485 1289 566 intellegas.

249 595 319 658 Ubi
342 595 431 658 enim
454 599 622 659 terrarum
643 595 708 657 nisi
738 595 771 658 in
795 594 912 658 Sicilia
941 595 1015 679 ipsa
1037 596 1090 658 vel
1114 595 1291 674 Syracusis

247 723 300 768 res
323 724 344 768 1
367 704 496 768 Gelone
511 709 622 786 gestas
641 705 833 768 accuratius
857 705 1057 790 comperisse
1080 703 1291 782 Herodotum

251 816 464 900 arbitremur,
488 833 635 898 quarum
648 815 850 878 memoriam
865 815 1105 899 perdiligenter
1128 815 1292 898 compleo·

249 924 332 987 titur
355 925 389 987 in
414 943 460 988 cc.
485 924 656 1000 153-168
685 925 706 986 l.
729 924 824 989 VII?
869 922 1000 1006 Quodsi
1023 924 1062 987 A.
1086 923 1232 987 Bactrus
1255 923 1291 1001 (l.

251 1050 280 1094 a.
303 1053 333 1116 p.
356 1033 434 1112 148)
468 1034 554 1095 hanc
580 1037 712 1116 partem
742 1033 813 1122 iam
840 1033 946 1116 priori
976 1032 1149 1094 contextui
1177 1049 1292 1094 rorum

252 1160 292 1206 ae
316 1143 495 1206 verborum
518 1142 671 1206 additam
687 1161 759 1206 esse
775 1143 914 1226 iudicat,
937 1161 998 1206 suo
1013 1142 1079 1206 sibi
1094 1146 1292 1223 argumento

252 1253 454 1336 confutatur,
485 1271 563 1315 cum
586 1252 780 1336 viderimus,
811 1252 1022 1341 Herodotum
1051 1253 1133 1314 istas
1155 1251 1292 1314 Italicas

252 1381 292 1424 ac
314 1361 503 1426 Sicilienses
525 1380 578 1424 res
600 1380 666 1425 non
688 1362 749 1434 illo
772 1363 840 1425 iam
858 1366 1017 1446 tempore
1040 1379 1116 1460 quo)
1132 1361 1293 1445 posterio-

249 1489 303 1534 res
332 1471 405 1535 eius
434 1471 538 1535 libros
570 1473 771 1556 compositos
804 1463 875 1536 ess‘e
910 1475 1020 1536 censet
1053 1472 1112 1536 ille
1145 1470 1292 1555 quidem,

249 1580 335 1643 scire
365 1581 522 1665 potuisse.
567 1582 613 1644 Ut
644 1583 694 1644 his
717 1602 821 1645 unum
854 1581 949 1644 aliud
976 1586 1213 1664 argumentum
1236 1579 1292 1644 ad·

251 1690 339 1775 dam,
361 1691 521 1775 equidem
550 1693 696 1756 dixerim
725 1691 1012 1756 verisimillimum
1034 1712 1114 1777 esse,
1144 1691 1292 1757 Herodo-

250 1805 323 1862 tum
356 1801 540 1882 Phayllum
574 1801 789 1866 Crotoniaten
827 1807 878 1865 ter
910 1801 1159 1886 olympionicen
1189 1803 1291 1864 fuisse

250 1911 347 1989 (VIII
369 1912 428 1988 47)
457 1913 491 1974 in
521 1913 595 1996 ipsa
618 1911 762 1976 Crotone
794 1911 972 1976 audivisse.
1017 1911 1084 1975 Sed
1112 1912 1197 1974 haec
1220 1913 1292 1996 qui-

250 2020 327 2082 dem
352 2023 527 2106 lractenus3
556 2041 635 2084 nam
664 2022 725 2084 vix
754 2041 862 2085 uuum
892 2023 1026 2085 firmum
1056 2028 1292 2103 argumentum

252 2131 365 2193 afferri
381 2137 490 2216 potest
506 2150 573 2215 quo
589 2132 834 2196 demonstretur
849 2151 889 2195 ac
900 2132 1073 2216 doceatur,
1084 2131 1293 2198 Herodotum

251 2241 451 2321 posteriores
480 2241 583 2305 libros
614 2241 740 2325 primos
770 2241 1014 2326 conscripsisse,
1045 2247 1160 2305 contra
1186 2243 1294 2306 multa

254 2367 364 2432 eaque
385 2352 512 2434 gravia,
535 2370 554 2414 e
577 2353 701 2433 quibus
726 2357 841 2435 aperte
857 2356 981 2437 pateat,
1005 2351 1168 2416 Herodoti
1191 2352 1294 2416 libros

254 2459 374 2523 eodem
397 2481 500 2544 quem
522 2480 610 2524 nunc
636 2462 826 2524 invenimus
849 2460 967 2524 ordine
990 2464 1191 2546 compositos
1215 2481 1293 2526 esse.

358 2567 393 2634 0.
417 2569 598 2634 Nitzsoltius
620 2569 657 2649 (l.
680 2588 709 2632 1.
732 2591 762 2654 p.
786 2571 826 2632 11
849 2573 936 2654 sqq.)
967 2574 1001 2633 et
1023 2571 1062 2634 A.
1086 2571 1234 2636 Bararus
1257 2571 1294 2650 (l.

254 2697 282 2739 1.
304 2699 336 2761 p.
359 2679 438 2758 144)
461 2683 593 2764 negant,
615 2679 655 2742 Α.
677 2677 896 2764 chlrltoffiuro
919 2684 1009 2744 reete
1030 2680 1194 2764 iudicare,
1215 2700 1293 2744 curn

256 2787 466 2852 Herodotum
496 2780 580 2872 opus
610 2809 710 2852 suum
740 2791 975 2872 imperfectum
996 2789 1174 2874 reliquisse
1196 2790 1295 2876 dicat,

255 2898 323 2961 imo
346 2898 451 2960 etiam
474 2897 701 2961 demonstrare
720 2899 864 2984 student,
887 2897 1097 2962 Herodotum
1119 2899 1213 2983 operi
1235 2918 1296 2964 suo

256 3011 289 3070 et
304 3008 478 3091 imponere
495 3007 641 3070 voluisse
657 3001 691 3070 et
706 3025 742 3068 re
758 3025 839 3070 vera
854 3007 1053 3090 imposuisse
1077 3004 1163 3070 hunc
1185 3008 1294 3092 ipsum
1368 2986 1372 2992 ¹

255 3117 364 3196 finem,
395 3114 455 3198 qui
484 3134 574 3177 nunc
603 3114 728 3198 legitur
750 3115 785 3177 in
815 3135 841 3178 c.
872 3116 933 3178 121
962 3115 982 3178 l.
1013 3115 1073 3200 lx,
1103 3116 1162 3180 ubi
1192 3135 1296 3201 expu-

256 3227 370 3308 gnatio
397 3225 485 3290 Sesti
516 3227 735 3310 describitur3
764 3227 799 3290 id
829 3228 941 3312 ipsum
971 3227 1196 3290 firmissimum
1227 3245 1297 3292 esse

256 3342 494 3419 argumentum
518 3357 585 3421 quo
609 3339 746 3423 probari
769 3340 881 3423 possit,
910 3337 1121 3402 Herodotum
1144 3339 1298 3404 historias

256 3461 334 3512 suas
364 3448 407 3510 ab
439 3447 535 3511 initio
566 3449 615 3512 ita
645 3453 822 3533 conceptas
853 3447 1022 3531 habuisse,
1053 3451 1090 3510 ut
1119 3453 1297 3531 separatae

256 3558 343 3620 inter
364 3575 400 3620 se
424 3558 562 3636 luerint3
593 3557 818 3642 expeditionis
845 3558 935 3621 enim
958 3577 979 3620 1
1001 3557 1116 3620 Xerxe
1140 3557 1298 3620 11111111-

258 3669 347 3731 ciam
369 3671 547 3750 susceptae
576 3668 752 3730 historiam
781 3668 890 3750 ipsam
920 3684 980 3751 per
1002 3686 1038 3730 11
1061 3668 1299 3751 corpusculum

257 3777 412 3841 omnibus
441 3777 590 3841 numeris
614 3777 808 3841 absolutum
830 3795 909 3861 esse,
941 3779 997 3840 oui
1021 3773 1109 3840 Sesti
1132 3795 1297 3862 expugna·

257 3888 349 3954 tione
360 3885 528 3970 descripta
536 3907 616 3952 suus
624 3887 773 3950 linisfiat.
786 3885 851 3950 Sed
862 3887 947 3950 hauc
955 3885 1092 3949 illorum
1100 3885 1299 3949 sententiam

258 4000 422 4070 inerrare
435 4015 515 4083 esse,
531 4015 573 4060 ex
591 3997 639 4061 eis
657 4015 746 4080 quae
762 3997 920 4060 continuo
936 3996 1099 4060 disseram
1115 3994 1300 4079 apparebit.
