3176 4886
761 317 799 380 13

703 403 858 416 ..ιι-α..-

262 499 374 577 peries
396 493 612 556 historiarum
637 509 776 555 suerum
799 490 995 572 simpliciter
1017 490 1104 552 inter
1127 507 1163 552 ss
1186 506 1302 554 conec·

261 612 331 670 tens
361 601 546 668 addidisset
577 601 782 686 Herodotus,
816 601 1004 666 accuratius
1038 603 1139 682 etque
1170 601 1300 684 plenius

260 734 323 780 non
345 715 455 779 solum
477 713 623 794 potuisse
645 730 722 776 eum
746 712 903 794 delegere
925 711 1084 796 legentes,
1113 709 1170 774 sed
1195 711 1297 775 etism

260 846 296 890 re
319 841 402 888 vers
417 822 651 905 delegaturum
668 823 769 886 fuisse
785 822 827 886 ed
844 823 1020 906 sequentis
1034 821 1188 886 arbitror.
1217 819 1301 884 Inde

257 937 361 1017 igitur
392 931 658 998 concludendum
689 951 761 998 esse
791 937 879 1017 puto,
913 930 1121 996 Herodotum
1152 949 1211 994 nos
1238 949 1302 994 nen

260 1044 302 1108 ed
327 1062 368 1107 es
390 1061 477 1126 quac
498 1045 531 1106 in
554 1043 739 1127 conscripto
761 1043 831 1106 ism
853 1057 956 1128 opere
978 1042 1214 1125 sequebantur,
1241 1039 1300 1104 sed
1382 1043 1391 1056 '

261 1172 348 1236 quse
380 1155 415 1216 in
443 1152 680 1218 conscribendo
711 1152 849 1218 demum
880 1170 982 1239 opere
1013 1155 1168 1216 secutura
1198 1156 1302 1236 erent,

192 1288 202 1312 ·
261 1262 308 1324 eis
338 1263 418 1328 locis
446 1264 612 1327 reiecisse.
657 1261 796 1326 Accedit
827 1260 917 1344 quod
944 1262 1042 1325 aliter
1063 1260 1214 1344 intellegi
1236 1277 1300 1324 nen

261 1389 356 1453 posse
385 1391 511 1458 censeo,
539 1372 601 1456 qui
628 1373 751 1435 fectum
782 1373 833 1455 sit,
864 1374 900 1434 ut
923 1369 1115 1436 Herodotus
1138 1371 1220 1435 locis
1243 1371 1301 1454 qui

261 1483 393 1546 suntin
415 1501 460 1547 cc.
484 1483 547 1546 106
570 1486 604 1546 et
626 1482 733 1547 1841.
755 1482 771 1544 I
794 1487 827 1546 et
850 1500 875 1548 c.
898 1479 962 1545 213
986 1481 1008 1544 l.
1030 1481 1096 1548 VII
1118 1482 1219 1567 ades
1241 1498 1299 1545 nes

262 1594 403 1674 revocet,
426 1608 514 1674 quse
536 1591 629 1656 nullo
652 1591 724 1655 loeo
746 1591 857 1674 operis
881 1590 972 1674 quod
987 1607 1046 1654 nos
1068 1590 1233 1654 hebernus
1256 1589 1303 1652 in·
1402 1575 1415 1626 ἶ

262 1702 445 1786 sepiantur,
467 1721 521 1765 res
544 1702 588 1766 eb
605 1701 753 1783 Assyriis
776 1705 886 1784 gestes
905 1701 981 1766 dico
1004 1705 1037 1766 et
1051 1719 1190 1764 csussm
1213 1698 1302 1763 necis

260 1808 447 1891 Ephialtse.
498 1810 594 1875 Haec
622 1810 710 1874 enim
745 1814 815 1874 tem
844 1809 1022 1893 perspicua
1056 1809 1301 1891 praetermissio
1328 1813 1338 1844 ⁴

260 1935 374 1982 rerum
403 1921 645 2004 promissarum
676 1917 770 1983 nulle
799 1920 868 1983 elie
900 1921 983 1983 mihi
1013 1917 1146 1984 videtur
1176 1918 1304 1981 ratione

262 2025 424 2107 explicari
453 2045 548 2110 posse
578 2033 680 2111 etque
708 2029 736 2091 si
763 2029 927 2113 ponimus,
957 2025 1164 2090 Herodotum
1188 2043 1304 2108 quem-

266 2150 367 2214 quem
388 2134 458 2198 ism
479 2153 532 2200 res
560 2137 682 2202 multas
712 2136 756 2201 ad
779 2136 904 2202 librum
928 2136 970 2200 de
994 2135 1138 2220 Assyriis
1160 2135 1304 2199 scriben-

266 2240 348 2306 dum
371 2244 516 2309 habebat
539 2247 702 2332 collectas,
725 2265 782 2312 ess
807 2253 917 2313 temen
933 2245 1079 2312 nondum
1101 2246 1207 2310 literis
1231 2263 1306 2309 eon-

262 2353 408 2435 signstss
442 2359 545 2438 etque
574 2358 726 2422 omnibus
760 2357 913 2443 pertibus
946 2357 1108 2442 pertentes
1138 2355 1305 2422 habuisse.

263 2456 362 2542 Quod
385 2462 419 2524 ni
440 2463 487 2528 ite
510 2469 604 2551 esset,
627 2483 696 2547 que
712 2464 754 2529 de
769 2483 872 2530 cause
893 2482 977 2546 opus
999 2482 1098 2527 suurn
1121 2467 1303 2527 retrectans

261 2567 387 2634 alieubi
408 2572 555 2638 inserere
578 2593 635 2638 ees
658 2574 940 2640 oblivisceretur?
973 2574 1041 2638 lies
1065 2572 1222 2654 Assyrias
1245 2572 1304 2654 igi-

260 2684 315 2741 tur
343 2684 376 2743 et
405 2699 542 2745 causam
572 2685 662 2748 necis
693 2685 871 2768 Ephialtes
900 2702 1036 2748 narrare
1058 2700 1123 2747 non
1153 2683 1302 2766 fortasse,

261 2791 299 2849 ut
321 2787 360 2850 A.
383 2788 511 2855 Baitero
534 2791 666 2856 videtur
695 2794 733 2872 (l.
757 2813 786 2860 a.
811 2815 842 2878 p.
864 2795 908 2878 7),
938 2791 998 2857 sed
1019 2811 1057 2856 re
1079 2808 1162 2854 vere
1185 2806 1303 2878 propo·

259 2896 361 2960 situm
383 2903 510 2964 tantum
540 2902 605 2967 sibi
634 2903 752 2968 hebuit
781 2902 981 2968 Herodotus.
1025 2900 1064 2967 Ε.
1087 2899 1260 2984 Bachofius
1275 2899 1302 2979 ¹)

258 3003 352 3069 idem
375 3007 501 3073 iudicet
522 3009 565 3075 de
586 3012 686 3076 rebus
711 3013 859 3095 Assyriis
880 3013 964 3092 illis3
987 3011 1044 3076 sed
1067 3027 1197 3074 errasse
1218 3007 1300 3072 milri

258 3115 393 3181 videtur
415 3119 563 3201 primurn
586 3122 649 3186 hae
671 3125 704 3187 ic
727 3143 766 3190 re
787 3121 877 3206 qued
900 3121 989 3206 dicit,
1010 3119 1219 3184 Herodotum
1242 3137 1298 3183 res

260 3227 474 3309 Assyriorum
489 3230 538 3294 ite
559 3231 749 3298 describere
772 3234 805 3297 in
828 3234 938 3298 anime
962 3231 1126 3316 habuisse,
1150 3235 1185 3294 ut
1207 3229 1299 3311 ipses

260 3355 320 3418 per
341 3355 378 3401 se
399 3336 555 3402 libellum
576 3359 598 3403 s
613 3342 732 3406 ceteris
746 3341 890 3405 historiis
905 3342 1100 3421 separatum
1124 3337 1302 3421 efficerent,

259 3447 293 3512 id
317 3447 405 3532 quod
429 3447 461 3515 0.
484 3447 644 3516 Hecdesio
663 3452 699 3530 (l.
723 3469 751 3514 s
773 3470 805 3532 p.
818 3449 877 3531 44)
900 3465 1035 3533 quoque
1058 3448 1205 3527 videtum
1228 3451 1299 3511 tum

259 3560 350 3646 quod
372 3563 405 3624 et
425 3560 499 3646 ipse
521 3565 632 3625 censet
654 3561 710 3624 vel
732 3561 842 3643 petius
857 3576 919 3646 pro
935 3564 1027 3624 cerie
1041 3561 1152 3644 sumit,
1174 3561 1298 3623 retrec-

130 3735 134 3740 ,
258 3680 346 3740 tasse
360 3673 457 3736 illum
472 3672 611 3755 quidem
625 3672 728 3740 libros
743 3689 827 3739 suos.
871 3670 968 3756 Quod
992 3674 1109 3736 sutem
1131 3668 1174 3733 de
1196 3669 1297 3733 rebus

366 3932 385 4000 ¹)
420 3929 474 3984 Dic
490 3932 624 4000 ‘socessor
635 3934 713 4000 λόγοι
725 3930 751 3984 d.
764 3927 932 3996 Herodotus,
950 3924 1067 3979 Jahrbb.
1081 3927 1099 3978 f.
1112 3920 1302 3989 Phiioi1877‚

263 4041 288 4094 p.
306 4024 452 4079 577-584.
841 4019 848 4027 ‘
