3176 4886
701 347 855 444 *2—1—

355 518 477 584 Contra
508 520 566 583 ubi
589 520 778 584 Herodotus
810 522 993 604 legentium
1025 513 1152 587 animos
1182 523 1297 588 adver·

255 632 324 692 tere
340 628 410 691 vult
425 627 468 691 ad
485 627 741 692 similitudinem
761 648 890 694 morum
915 650 1003 715 quae
1026 633 1111 695 inter
1134 633 1220 696 hanc
1243 633 1299 696 vel

253 736 346 800 illam
373 739 507 818 gentem
523 737 707 822 intercedit,
731 721 785 802 vel
801 739 913 804 adres
929 737 1091 822 quasdam
1114 740 1299 823 cognitione

252 848 369 930 dignas
400 865 509 929 neque
540 847 582 910 ad
614 848 843 912 antecedentia
875 857 935 912 aut
965 850 1008 913 ad
1040 852 1212 932 sequentia
1242 868 1298 914 eos

252 959 413 1040 delegare
436 961 554 1042 potest,
575 959 647 1039 ipso
671 960 744 1023 loco
768 979 855 1042 quae
873 960 1006 1046 similia,
1031 979 1119 1044 quae
1135 979 1299 1025 memora-

250 1066 339 1131 bilia
355 1066 420 1128 sint
435 1079 619 1147 proponere
635 1067 728 1130 solet.
765 1067 828 1146 (Of.
843 1087 946 1150 supra
964 1089 1011 1132 ur.
1034 1070 1079 1147 6).
1123 1068 1169 1132 Ut
1193 1088 1295 1132 unum

253 1175 448 1259 exemplum
474 1175 622 1260 afferam,
653 1195 729 1240 cum
753 1180 815 1259 ipsi
839 1197 926 1262 qnae
956 1182 1109 1242 auctores
1133 1175 1298 1242 Chaldaei

254 1287 287 1350 ei
310 1292 526 1348 narraverant
556 1286 697 1370 (1182),
729 1288 848 1350 Belum
881 1288 983 1351 deum
1011 1287 1192 1370 aliquando
1223 1306 1296 1352 noe·

254 1401 349 1459 turno
373 1400 524 1475 tempore
547 1395 704 1458 feminam
722 1395 913 1477 indigenam
938 1397 980 1460 ab
1004 1399 1075 1480 ipso
1100 1397 1242 1461 electam
1264 1399 1297 1460 in

255 1505 378 1585 templo
410 1522 468 1569 suo
492 1507 678 1585 praesentia
706 1506 837 1586 dignari
867 1525 938 1589 sua,
968 1524 989 1569 a
1019 1506 1085 1569 fide
1114 1506 1298 1570 abhorrere

255 1613 439 1696 videantur,
469 1618 581 1677 tamen
611 1617 767 1679 continuo
791 1615 895 1700 addit,
926 1617 1110 1697 Aegyptios
1135 1614 1224 1679 idem
1249 1617 1294 1680 la-

254 1741 328 1786 cere
352 1722 476 1786 Thebis
498 1724 618 1786 Jovem
641 1743 838 1805 persuasum
862 1725 1006 1807 habere3
1032 1744 1180 1808 nemque
1204 1725 1298 1790 dicit:

251 1831 327 1914 φασί
350 1831 386 1895 δὲ
410 1831 439 1894 οἱ
462 1831 551 1895 αὐτοί
570 1834 656 1895 οὗτοι
679 1836 738 1913 (sc.
753 1832 941 1920 Χαλδαῖοι),
964 1833 1035 1918 ἐμοί
1059 1836 1115 1918 μὲν
1141 1835 1178 1898 od
1201 1836 1297 1898 πιστὰ

250 1940 408 2026 λέγοντες,
439 1944 493 2006 τὸν
516 1941 593 2006 neoc
618 1943 713 2006 αὐτὸν
737 1952 848 2027 φοιτᾶν
872 1964 906 2007 τε
930 1945 961 2021 ἐς
983 1946 1038 2008 τὸν
1062 1946 1137 2028 νηδν
1162 1944 1218 2006 καί
1241 1946 1298 2028 ἀμ-

252 2051 414 2116 παύεσθαι
449 2051 500 2115 ἐπί
532 2062 588 2136 της
623 2051 750 2136 κλίνης,
789 2053 999 2135 κατάπερ
1038 2053 1081 2116 ἐν
1121 2051 1298 2140 Θήβησι

214 2199 217 2207 -
253 2170 301 2245 τη
316 2182 355 2225 σι
378 2162 460 2246 Αίγ
474 2185 491 2225 υ
504 2183 527 2224 π
539 2162 579 2225 τί
589 2182 610 2246 η
624 2183 665 2225 σι
687 2165 771 2226 κατὰ
786 2165 840 2226 τδν
856 2164 951 2226 αὐτὸν
967 2162 1094 2247 τρόπον,
1112 2162 1154 2239 ὡς
1166 2162 1299 2249 λέγουσι

256 2270 481 2357 οίΑῑγὺιττιοι·
504 2272 581 2334 καί
612 2275 694 2357 γὰρ
726 2271 776 2356 δὴ
808 2271 966 2336 ἐκείδι
996 2282 1227 2358 κοιμᾶται
1254 2272 1298 2337 ἐν

253 2389 307 2466 τῷ
338 2391 417 2446 τοῦ
448 2382 551 2459 Διὸς
578 2389 656 2445 τοῦ
680 2380 913 2468 Θηβαιέος
942 2381 1075 2467 γυνη,
1110 2382 1298 2468 ἀμφότε-

253 2513 327 2576 ραι
362 2491 408 2557 δὲ
442 2495 578 2556 αὗται
612 2492 834 2576 λέγονται
872 2491 1048 2577 ἀνδρῶν
1084 2492 1298 2578 οὐδαμῶν

252 2605 295 2680 ἐς
329 2602 522 2689 ὁμιλίαν
558 2613 742 2688 φοιτᾶν,
778 2606 872 2667 cuius
907 2607 956 2668 rei
986 2624 1039 2668 res
1070 2605 1298 2687 Aegyptiacae

253 2715 442 2782 describens
474 2716 602 2778 nullam
631 2717 709 2778 facit
732 2717 945 2779 mentionem.
990 2714 1077 2798 Quid
1101 2717 1205 2798 ergo?
1237 2717 1299 2779 hoc

253 2843 389 2909 quoque
405 2830 640 2889 retractantem
654 2824 789 2887 demum
802 2825 905 2889 libros
920 2843 997 2889 suos
1013 2825 1181 2890 addidisse
1193 2825 1297 2890 Hero·

253 2929 369 2997 dotum
392 2934 503 2997 dicent
526 2935 564 2998 A.
582 2935 730 2998 Baccarus
753 2938 786 2998 et
808 2934 840 2998 0.
856 2933 1059 3000 Herdonius?
1082 2931 1207 2998 Numa
1230 2952 1297 3017 quo

253 3045 316 3106 nisi
341 3045 384 3108 ab
410 3043 588 3128 Aegyptiis
618 3046 699 3128 ipsis
723 3044 810 3107 illud
842 3045 1042 3127 comperisse
1072 3064 1150 3108 eum
1180 3042 1298 3106 dieas?

254 3154 299 3219 At
322 3159 358 3218 ut
380 3159 577 3218 retractaret
599 3173 681 3236 opus
704 3174 814 3239 suum,
837 3173 896 3218 eur
918 3154 1003 3217 illud
1027 3150 1296 3217 additamentum

255 3283 318 3328 non
353 3263 553 3346 adiungeret
589 3265 734 3329 historiis
769 3265 1003 3348 Aegyptiacis,
1037 3282 1125 3346 quae
1159 3263 1298 3347 quidem

253 3375 346 3453 ipsae
371 3391 432 3455 per
453 3391 490 3436 se
513 3373 750 3454 corpusculum
767 3373 922 3436 omnibus
938 3376 1087 3436 numeris
1105 3371 1298 3436 absolutum

255 3482 385 3546 efficere
409 3481 594 3546 dicuntur?

358 3593 409 3655 14.
454 3590 551 3675 Quod
584 3593 619 3654 in
651 3611 676 3655 c.
705 3591 749 3654 44
776 3592 797 3655 l.
826 3592 873 3656 IV
903 3594 1152 3674 scriptumest:
1185 3598 1241 3674 τῆς
1264 3588 1300 3655 δὲ

254 3696 364 3781 Ἀσίης
394 3701 435 3762 τὰ
464 3698 574 3762 πολλὰ
601 3699 663 3763 ὑπὸ
687 3697 822 3785 Δαρείου
850 3698 1013 3784 ἐξευρέθη,
1044 3700 1078 3776 ὃς
1106 3697 1300 3786 βουλόμενος

253 3804 939 3891 Ἰνδδνποταμὸν,δςκροκοδείλους
964 3806 1186 3891 δεύτερος
1210 3807 1300 3882 οὗτος

255 3926 407 4002 ποταμῶν
437 3917 565 3982 πάντων
595 3917 782 4004 παρέχεται,
812 3925 923 3982 τοῦτον
955 3918 1097 4001 ποταμὸν
1124 3914 1240 3980 είδέναι
1262 3923 1300 4000 τῇ

255 4025 287 4103 ἐς
309 4025 481 4092 θάλασσαν
513 4026 636 4091 ἐκδιδοῖ
663 4026 743 4107 κτλ.,
778 4028 855 4092 inde
885 4029 979 4093 nobis
1010 4028 1200 4093 necessario
1224 4045 1299 4090 oon·
1403 4028 1405 4032 ’
