3176 4886
828 328 848 388 6

313 500 469 563 historias
501 518 541 561 ea
571 517 673 581 quern
706 499 764 580 qui
788 503 902 562 contra
925 499 963 564 A.
986 499 1222 584 Ktrcttosficm
1246 502 1354 584 dispu-

316 617 472 672 taverunt
496 608 611 671 volunt
641 605 770 671 ratione
795 612 928 671 exortas
951 627 1021 672 esse
1045 609 1129 670 mihi
1152 613 1355 691 persuadere

314 721 417 803 potui,
448 718 572 782 nedum
603 719 649 780 eis
685 718 848 782 assentiar
878 718 938 800 qui
968 717 1176 782 Herodotum
1208 738 1244 782 re
1273 739 1355 783 vera

314 830 462 912 singulos
484 829 641 892 historias
663 846 752 910 quae
774 829 860 890 iuter
883 845 918 890 se
941 833 1116 908 separatae
1139 834 1246 892 essent
1269 849 1354 892 com-

315 939 440 1023 positas
463 938 620 1001 habuisse
649 937 771 1000 dicunt.
816 935 916 1019 Quod
947 937 1036 1000 euim
1060 939 1098 1002 A.
1123 939 1269 1004 Bararus
1299 941 1355 1019 (cf.

315 1050 334 1112 l.
358 1069 387 1112 a.
417 1047 488 1112 eius
520 1052 705 1112 enumerat.
734 1067 764 1128 p.
795 1049 854 1110 171
889 1052 922 1110 et
954 1045 1030 1127 173)
1062 1053 1094 1112 et
1122 1047 1355 1116 &Hoctceius

315 1160 372 1239 (cf.
403 1159 423 1220 l.
446 1178 473 1222 a.
504 1161 574 1222 eius
597 1177 707 1241 recap.
738 1179 768 1241 p.
793 1157 849 1236 74)
880 1158 1111 1222 examinantes
1143 1178 1207 1242 quo
1238 1161 1354 1225 ordine

315 1269 419 1332 libros
452 1285 527 1331 suos
563 1272 595 1330 et
636 1284 701 1349 quo
737 1285 906 1354 quemque
940 1271 1092 1349 tempore
1126 1271 1355 1351 conscripserit

315 1375 513 1459 Herodotus,
542 1374 576 1436 in
610 1376 789 1438 sententies
823 1375 973 1438 maxime
1007 1381 1189 1442 contrarias
1220 1377 1356 1443 deducti

315 1489 400 1569 sunt,
422 1484 519 1548 facilc
542 1483 621 1547 inde
645 1483 831 1568 intellegas,
861 1503 964 1566 quam
996 1487 1164 1550 lubricum
1186 1491 1219 1551 in
1242 1489 1354 1552 locum

315 1590 502 1676 deduceris²
531 1594 558 1654 si
589 1611 665 1655 cum
695 1593 762 1655 iarn
794 1592 871 1656 inde
901 1613 921 1656 a
945 1595 1116 1681 principio,
1146 1597 1353 1661 Herodotum

316 1702 359 1765 ab
375 1702 468 1766 initio
489 1701 603 1783 piures
626 1701 758 1764 libellos
781 1702 830 1764 ita
848 1706 1011 1766 confectos
1028 1705 1185 1768 habuisse
1208 1711 1245 1768 ut
1268 1707 1354 1768 atius

316 1811 420 1874 alium
450 1812 541 1874 nullo
570 1811 641 1874 loco
673 1815 848 1895 spectaret,
878 1829 937 1892 pro
962 1817 1052 1875 certo
1075 1814 1260 1894 sumpseris7
1286 1818 1353 1876 toto

316 1921 476 2004 operein
504 1921 651 2002 singulas
682 1925 793 2001 partes
816 1920 975 1984 dissoluto
1006 1938 1072 2002 quo
1096 1937 1251 2001 quaeque
1274 1925 1354 1983 tem·

316 2049 397 2112 pore
428 2035 587 2112 concepta
616 2032 667 2116 sit,
697 2032 886 2094 accuratius
917 2030 1055 2093 definire
1086 2032 1220 2094 coneris.
1265 2029 1351 2094 Nam

317 2141 381 2204 hoc
410 2141 438 2203 si
467 2141 584 2204 feceris
617 2159 725 2223 neque
759 2141 857 2203 simul
892 2144 1148 2222 argumentatus
1180 2142 1253 2226 eris,
1287 2161 1355 2224 que

317 2250 446 2314 ratione
468 2249 503 2313 id
526 2251 637 2314 iacere
660 2250 848 2328 adducaris
874 2269 948 2312 cum
970 2253 1041 2334 jem
1058 2251 1171 2315 omnia
1194 2253 1228 2314 in
1251 2253 1353 2314 enimi

317 2358 368 2420 tui
390 2358 552 2422 sententia
574 2359 682 2439 posita
704 2359 776 2442 sint,
799 2362 903 2421 totam
927 2359 1237 2421 commentationem
1262 2364 1355 2422 tuam

317 2473 386 2530 tem
417 2467 520 2531 dubia
551 2468 732 2532 disserendi
762 2469 848 2531 ratio
880 2468 1044 2530 contiueat
1075 2485 1207 2530 necesse
1231 2473 1289 2553 est,
1321 2475 1355 2530 ut

317 2579 451 2642 omnino
474 2596 537 2642 non
561 2579 633 2642 fieri
656 2581 766 2663 possit,
789 2579 869 2661 quin
893 2577 998 2640 ullam
1023 2577 1065 2640 ad
1085 2577 1353 2660 persuadendum

317 2689 388 2750 vim
412 2688 540 2752 habeat.
587 2689 638 2750 An
660 2705 741 2751 vero
762 2692 810 2752 est
833 2689 962 2751 ratione
985 2705 1024 2750 ac
1046 2704 1109 2750 nou
1131 2685 1270 2750 libidine
1293 2687 1356 2751 dis-

317 2801 451 2880 putare,
486 2797 513 2858 si
543 2796 654 2877 eapite
684 2795 860 2878 quaedam,
882 2793 1089 2859 Herodotum
1120 2799 1354 2858 retrectantem

317 2902 453 2970 demum
476 2905 579 2968 libros
602 2921 687 2988 suos,
717 2903 753 2990 id
785 2903 871 2986 quod
905 2904 1002 2966 uultis
1031 2905 1128 2967 certis
1152 2907 1356 2985 argumentis

317 3013 537 3078 demonstrari
568 3020 681 3098 potest,
711 3013 791 3077 locis
824 3013 1024 3095 quibusdam
1056 3013 1224 3076 addidisse
1253 3015 1355 3095 fingas

316 3123 441 3186 nullius
471 3123 558 3186 alius
589 3127 636 3187 rei
668 3143 770 3188 causa
800 3141 903 3206 quam
934 3121 1024 3208 quod
1049 3121 1127 3186 luce
1151 3123 1274 3187 clarius
1298 3129 1356 3207 est,

318 3253 358 3297 ea
381 3234 538 3318 illelom,
562 3236 613 3298 cui
637 3254 723 3298 nune
747 3235 941 3316 interposita
964 3235 1122 3318 leguntur
1145 3232 1357 3315 eundemque

317 3345 488 3426 superiore
501 3348 651 3426 tompore
664 3346 847 3428 perfectum
865 3363 936 3408 esse
951 3347 1021 3426 ipse
1037 3345 1160 3428 dixisti,
1176 3345 1357 3426 posteriorc

318 3451 454 3516 demum
478 3457 627 3535 tempore
650 3453 773 3535 scripta
798 3471 868 3517 esse
893 3471 987 3534 posse
1011 3454 1065 3532 (cf.
1089 3453 1128 3516 A.
1145 3452 1263 3516 Bauer.
1286 3451 1306 3512 l.
1330 3472 1357 3514 a.

318 3583 347 3644 p.
371 3563 431 3624 141
455 3565 551 3646 sqq),
582 3567 638 3625 aut
661 3562 749 3646 quod
775 3565 885 3643 capita
907 3563 966 3626 illa
990 3564 1235 3626 continuatione
1258 3562 1355 3624 serie·

318 3691 384 3754 que
407 3691 520 3735 rerum
550 3690 614 3734 non
639 3674 770 3735 omnino
799 3674 1012 3755 requiruntur
1043 3672 1097 3751 (cf.
1122 3670 1153 3736 C.
1175 3670 1313 3735 Hocher.
1338 3670 1358 3732 t.

318 3801 346 3844 a.
368 3803 399 3865 p.
424 3782 474 3866 13,
498 3783 548 3866 19,
571 3783 621 3866 39,
644 3782 695 3866 40,
717 3782 759 3844 47
784 3784 868 3862 ete).

423 3891 535 3972 Atque
565 3909 698 3971 prorsus
727 3908 791 3954 nou
823 3890 965 3953 dubium
995 3888 1130 3952 videtur
1161 3907 1248 3972 esse,
1278 3891 1358 3970 quin

318 4001 507 4065 Herodotus
549 4019 600 4064 res
635 4001 809 4065 itineribus
850 4003 918 4063 suis
953 3999 1193 4083 perscrutando
1227 4015 1358 4062 summo
