3176 4886
790 264 831 328 28

289 436 504 501 rebellionem
522 435 595 502 dioo
612 439 744 522 ionum,
760 440 917 522 attulerit,
940 440 1013 524 quis
1030 442 1152 524 estqui
1176 442 1328 507 dubitet?

289 547 416 609 Tamen
440 565 515 609 oum
540 549 603 611 hoo
625 547 694 612 sole
717 548 789 629 ipso
806 550 887 612 mihi
903 550 1065 614 illustrius
1081 554 1184 633 atque
1206 552 1328 615 clarius

288 674 361 720 esse
377 655 540 743 videatur,
557 659 596 722 A.
613 659 760 722 Bouerus
774 678 840 724 non
857 659 955 726 modo
973 661 1192 726 rebellionem
1206 663 1328 724 Jonum

289 767 346 846 (of.
368 767 388 830 l.
412 786 440 830 a.
463 787 493 848 p.
516 769 602 853 115),
633 768 691 832 sed
722 770 824 832 etiam
856 787 909 833 res
939 749 1047 851 primo
1080 773 1165 838 bello
1195 772 1328 837 Persico

288 879 396 957 gestas
419 874 474 959 (ol.
496 875 516 938 l.
540 896 568 940 a.
592 899 622 960 p.
647 876 722 959 127)
745 877 931 961 posteriore
954 883 1106 963 tempore
1129 883 1327 965 conscriptas

289 1004 362 1049 esso
384 988 496 1050 statuit
519 1005 620 1070 quam
645 986 892 1068 expeditionem
916 987 1049 1051 Xerxis.

391 1097 442 1162 26.
487 1095 586 1180 Quod
609 1097 643 1158 in
667 1116 694 1160 o.
718 1097 803 1160 741.
828 1098 892 1163 VIl
922 1097 1065 1180 legimus
1089 1102 1186 1166 haee:
1216 1101 1328 1187 Ἀρτα-

288 1202 402 1287 φέρνης
425 1203 699 1288 ὁἈρταφέρνεος,
724 1206 758 1282 ὃς
783 1206 814 1281 ἐς
837 1204 1102 1290 Μαραθῶνα
1125 1209 1327 1298 ἐσέβαλε

286 1314 375 1396 ἅμα
408 1311 537 1396 Δάτι,
570 1315 643 1379 fieri
675 1317 794 1399 nequit
828 1318 908 1400 quin
942 1336 1002 1399 pro
1038 1324 1129 1384 certo
1164 1328 1328 1408 putemus,

286 1421 491 1486 Herodotum
514 1424 707 1506 diligentius
738 1427 806 1490 iam
837 1446 938 1508 supra
962 1431 1033 1492 eius
1047 1431 1107 1498 ‚rei
1130 1435 1325 1496 memoriam

286 1530 497 1612 complexum
520 1551 608 1615 εσσε,
638 1552 749 1617 neque
779 1536 842 1598 hoo
872 1537 979 1616 posito
1005 1537 1163 1621 fallimur,
1194 1557 1270 1602 oum
1292 1542 1326 1603 in

286 1660 330 1705 oo.
354 1642 561 1715 94-1201,
585 1643 632 1707 VI
664 1645 847 1707 Persarum
877 1643 1046 1726 expeditio
1076 1646 1200 1709 Datide
1231 1650 1325 1710 Arta-

285 1752 478 1835 pherneque
509 1751 646 1814 ducibus
678 1757 792 1814 eontra
824 1750 1001 1813 Graeciam
1032 1755 1196 1833 suscepta,
1225 1753 1258 1812 in
1281 1771 1325 1813 oo.

287 1861 469 1924 109-117
504 1861 525 1922 l.
562 1861 610 1926 VI
643 1877 756 1943 pugna
792 1857 879 1940 apud
915 1858 1116 1921 Marathona
1150 1860 1325 1923 commissa

283 1970 437 2054 pluribus
458 1971 572 2034 verbis
596 1969 812 2034 describatur.

389 2083 441 2145 27.
477 2082 590 2145 Verba
614 2099 700 2166 quae
723 2081 854 2144 suntin
877 2098 903 2142 c.
923 2080 987 2142 205
1003 2079 1023 2144 l.
1039 2079 1120 2144 VII:
1145 2079 1326 2144 ἀποθανόν-

284 2209 337 2266 τος
368 2189 403 2253 δέ
430 2187 631 2275 Κλεομένεος
662 2188 797 2266 ἄπαιδος
828 2190 955 2273 έρσενος
988 2188 1098 2272 γόνου,
1129 2189 1266 2274 Δωριέος
1292 2210 1326 2254 τε

287 2297 394 2364 οὐκέτι
417 2297 535 2382 ἐόντος,
565 2298 651 2363 ἀλλὰ
673 2297 922 2383 τελευτήσαντος
945 2300 1000 2362 καί
1022 2299 1136 2364 τούτου
1161 2348 1219 2362 ...
1243 2301 1326 2363 οὕτω

284 2409 323 2494 δὴ
347 2410 379 2485 ἐς
395 2408 555 2494 Λεωνίδην
572 2407 718 2496 ἀνέβαινε
733 2407 754 2492 ἡ
770 2407 925 2495 βασιληίη,
949 2414 1139 2491 promptum
1161 2415 1211 2473 ast
1233 2430 1326 2495 speo-

287 2528 359 2585 tare
381 2539 457 2584 oum
481 2520 522 2583 ad
547 2540 592 2584 oo.
614 2521 756 2584 40-47
781 2521 801 2583 l.
823 2522 863 2605 V,
886 2520 946 2584 ubi
968 2521 1083 2584 Doriei
1104 2521 1258 2584 fortunae
1281 2523 1327 2584 vi-

288 2629 503 2694 oessitudines
536 2632 671 2696 uberius
701 2635 924 2716 exponuntur,
955 2635 1025 2693 tum
1057 2629 1100 2694 ad
1131 2649 1157 2693 o.
1179 2630 1221 2694 48
1244 2630 1266 2697 l.
1289 2631 1327 2714 V,

287 2740 345 2804 ubi
369 2741 497 2804 eteius
521 2746 554 2804 et
578 2739 766 2820 Cleomenis
790 2758 879 2804 mors
902 2741 1053 2805 refertur.

390 2850 441 2913 28.
487 2849 587 2934 Quod
611 2850 801 2914 Herodotus
822 2851 857 2913 in
880 2869 906 2914 o.
931 2852 993 2914 117
1017 2850 1041 2914 1.,
1055 2840 1120 2915 VII
1144 2850 1240 2914 dioit:
1263 2849 1327 2912 ἀπὸ

284 2962 347 3044 γὰρ
370 2958 463 3024 πέντε
486 2958 618 3046 πήχεων
650 2957 831 3046 βασιληίων
852 2956 1007 3023 ἀπέλειπε
1037 2961 1096 3040 (so.
1118 2958 1328 3045 Ἀρταχαίης)

284 3069 437 3155 τέσσερας
461 3067 652 3152 δακτύλους,
675 3068 754 3132 inde
776 3074 875 3151 patet,
899 3066 987 3132 hun'o
1010 3069 1121 3134 looum
1144 3071 1327 3153 posteriore

285 3187 437 3266 tempore
466 3183 629 3266 seriptum
660 3199 732 3244 esse
762 3199 864 3264 quam
895 3200 921 3244 o.
950 3179 1104 3264 17811,
1134 3181 1192 3243 ubi
1225 3199 1326 3263 quom

285 3292 419 3373 longum
450 3293 491 3355 sit
521 3292 671 3356 cubitum
701 3292 832 3374 regium
857 3297 1157 3374 commemoratum
1187 3291 1328 3372 legimus

284 3403 371 3465 enirn
394 3401 458 3465 hoo
479 3402 570 3465 loco:
601 3400 618 3463 ὁ
643 3399 679 3464 δέ
701 3398 865 3486 βασιλήιος
888 3407 995 3486 πῆχυς
1023 3407 1080 3463 τοῦ
1111 3397 1239 3483 μετρίου
1263 3398 1328 3462 ἐστὶ

286 3505 390 3592 μέζων
412 3507 493 3591 τρισὶ
509 3505 712 3592 inertiorem
736 3510 799 3574 hoo
815 3513 926 3572 autem
943 3511 971 3571 si
986 3508 1143 3590 nescires,
1163 3525 1230 3570 non
1249 3509 1327 3570 satis

285 3616 505 3700 intellegeres,
536 3623 700 3699 quantum
727 3617 786 3680 illa
809 3617 960 3700 quinque
982 3615 1094 3679 cubita
1117 3617 1150 3677 in
1175 3614 1239 3678 VII
1263 3615 1326 3677 117

287 3727 470 3808 explerent.

391 3837 441 3900 29.
486 3836 674 3901 Herodotus
706 3835 797 3920 quod
826 3838 859 3898 in
890 3855 917 3900 o.
946 3835 987 3898 32
1019 3834 1039 3899 l.
1069 3833 1130 3918 ΙΧ,
1165 3833 1328 3916 quidquid

286 3947 411 4012 virium
437 3947 613 4012 habuerint
635 3947 759 4011 Persae
789 3947 821 4011 in
844 3965 956 4028 pugna
977 3945 1167 4010 Plataeensi
1194 3963 1328 4008 enume-
