3176 4886
713 339 868 440 —43—

266 549 319 578 ψ-
348 519 381 578 et
404 513 477 578 our.
501 513 636 579 Roeseus
668 514 705 594 (l.
736 535 765 578 a.
795 537 826 599 p.
857 513 913 598 18)
944 514 987 579 ad
1017 516 1090 580 eius
1119 518 1317 581 sententiam

277 624 474 689 accedit-
496 625 586 688 hune
608 624 723 688 locum
739 642 841 708 quem
863 625 1008 708 legimus
1031 626 1066 689 in
1089 645 1115 690 c.
1140 628 1180 690 73
1205 627 1226 690 l.
1248 609 1315 691 IX:

276 731 403 798 ἀτέλειά
426 754 460 798 τε
483 733 538 796 καὶ
560 731 712 818 προεδρίη
736 735 794 816 (sc.
809 731 989 811 Δεκελέων)
1014 733 1166 799 διατελέει
1189 735 1221 812 ἐς
1242 735 1317 800 τέδε

276 844 325 908 ἀεὶ
347 845 392 908 ἔτι
415 843 525 926 ἐοῦσα,
547 863 722 928 nunquam
736 845 799 926 nisi
817 849 894 909 ante
917 844 1047 909 bellum
1062 846 1317 932 Peloponnesia-

276 975 353 1018 cum
377 958 532 1018 exortum
546 955 711 1038 scriptum
726 973 796 1018 esse
818 973 925 1040 posse,
949 974 1027 1018 curn
1043 951 1237 1022 immunitas
1257 957 1318 1020 illa

277 1065 428 1130 omnium
449 1083 573 1150 rerum,
605 1085 710 1148 quarn
732 1065 951 1129 Deceleenses
983 1065 1126 1150 Spartae
1148 1071 1319 1132 versantes

277 1175 455 1259 habebant,
477 1174 567 1238 bello
589 1176 762 1240 saeviente
784 1175 845 1238 vix
860 1175 904 1237 ad
922 1176 1081 1240 effectum
1097 1175 1246 1240 adducta
1268 1177 1320 1242 sit.

276 1284 320 1348 At
342 1304 420 1347 curn
449 1283 538 1347 illud,
558 1284 905 1348 Lacedaemoniorum
936 1284 1110 1349 decretum
1133 1286 1318 1371 aliquando

275 1395 442 1459 abolitum
464 1413 535 1458 esse
558 1394 691 1458 omnino
714 1414 882 1477 nusquam
903 1395 1065 1481 legamus,
1086 1397 1185 1460 nobis
1209 1397 1318 1460 dicen·

276 1505 438 1590 domest,
468 1504 554 1567 illud
581 1505 838 1568 Deceleensium
867 1505 1071 1568 beneficium
1100 1507 1206 1570 etiam
1229 1508 1316 1571 bello

275 1620 392 1680 exorto
415 1613 639 1700 permansisse
662 1619 695 1678 et
716 1619 831 1677 ratum
845 1615 958 1700 fuisse,
981 1635 1192 1700 quamquam
1215 1617 1317 1680 nemi-

273 1745 351 1789 nem
373 1725 630 1788 Deeeleensium
650 1725 686 1787 in
708 1723 769 1788 illo
792 1728 943 1809 tempore
966 1725 1042 1791 iure
1064 1727 1130 1790 sibi
1161 1744 1317 1791 concesso

276 1855 376 1899 usum
396 1853 467 1900 esse
497 1835 711 1918 exploratum
742 1834 869 1898 habere
899 1835 986 1899 lieet.
1031 1836 1247 1900 Manifestum
1270 1841 1320 1900 est
1361 1909 1365 1916 ¹

276 1947 361 2008 haec
382 1945 488 2008 verba
511 1963 600 2028 quae
623 1944 683 2007 illa
705 1945 738 2007 in
763 1948 916 2008 extremo
940 1945 1052 2029 eapite
1075 1946 1152 2008 731.
1170 1946 1221 2009 IX
1244 1964 1319 2009 con-

276 2055 369 2117 tinuo
401 2054 590 2138 excipiunt:
626 2053 708 2116 οὕτω
740 2051 822 2116 ὥστε
852 2053 908 2114 καὶ
937 2051 969 2129 ἐς
999 2053 1054 2116 τὸν
1089 2051 1233 2138 πόλεμον
1263 2055 1318 2118 τὸν

278 2163 408 2247 ὕστερον
430 2160 581 2226 πολλοῖσι
610 2163 692 2226 ἔτεσι
715 2160 835 2226 τούτων
864 2161 1036 2246 γενόμενον
1060 2160 1263 2248 Ἀθηναίοισί
1284 2185 1319 2228 τε

277 2273 333 2337 καὶ
354 2271 638 2357 Πελοποννησίοισι
662 2319 668 2335 .
694 2319 700 2335 .
727 2319 734 2334 .
758 2269 915 2356 Δεκελέης
938 2270 1122 2358 ἀπέχεσθαι
1144 2294 1319 2359 nunquam

277 2386 341 2448 nisi
370 2385 459 2450 bello
486 2384 770 2468 Peloponnesiaco
801 2387 918 2446 exorto
948 2383 1076 2468 scripta
1105 2402 1177 2448 esse
1206 2403 1319 2469 posse;

277 2497 304 2560 si
326 2495 432 2579 igitur
454 2496 493 2559 A.
509 2494 632 2558 Bucari
654 2495 855 2558 sententiam
877 2494 1038 2578 sequaris,
1060 2512 1184 2578 ponere
1207 2494 1319 2576 debes,

277 2604 487 2670 Herodotum
517 2605 601 2666 haee
623 2603 729 2666 verba
758 2607 998 2667 retrectantem
1029 2603 1133 2666 libros
1164 2621 1242 2666 suos
1263 2603 1320 2666 ad·

277 2714 410 2777 didisse.
456 2715 499 2776 At
522 2714 582 2798 qui
599 2714 727 2776 factum
743 2730 814 2776 esse
829 2711 931 2798 dicae,
954 2717 991 2776 ut
1008 2711 1199 2777 Herodotus
1222 2712 1318 2797 illud,

277 2821 369 2909 quod
392 2841 412 2884 a
436 2840 515 2886 vero
538 2821 704 2886 abhorere
728 2821 767 2885 A.
783 2820 931 2886 Baccarus
948 2826 1059 2885 censet
1082 2821 1195 2904 quoad
1219 2822 1319 2906 perti-

277 2938 355 2998 neat
378 2931 422 2996 od
444 2932 573 2996 bellum
596 2932 929 3017 Peloponnesiacum,
951 2931 1139 3016 tollendum
1162 2949 1233 2996 esse
1254 2949 1320 2994 non

277 3041 563 3122 animadverterit,
587 3042 651 3104 hoc
667 3041 825 3105 continuo
842 3041 1075 3104 annotaverit?
1094 3076 1138 3086 -
1164 3039 1319 3104 Attamen

241 3206 243 3208 .
278 3152 414 3216 remotis
437 3151 489 3214 his
512 3150 668 3214 omnibus
684 3150 762 3213 inde
786 3149 877 3232 quod
898 3149 1089 3214 Herodotus
1111 3149 1264 3234 inprimis
1286 3151 1320 3212 in

280 3281 326 3324 cc.
349 3261 537 3323 153—170
560 3260 580 3322 l.
603 3258 669 3324 VII
693 3277 745 3322 res
768 3259 904 3321 italicas
927 3262 960 3320 et
976 3258 1166 3323 Sicilienses
1188 3258 1321 3342 penitus

281 3371 430 3451 cognitas
452 3370 564 3454 habet,
588 3371 706 3452 aperte
729 3367 849 3451 elucet,
872 3385 951 3429 eum
975 3368 1033 3431 hos
1055 3369 1147 3432 locos
1170 3372 1243 3432 tum
1265 3369 1320 3432 dc-

277 3497 381 3562 mum,
404 3496 482 3540 cum
504 3477 576 3561 ipse
598 3476 633 3539 in
656 3475 757 3540 Italia
779 3475 987 3546 inferioreet
1003 3475 1120 3540 Sicilia
1143 3477 1262 3562 luerat,
1283 3477 1316 3540 id

279 3586 371 3670 quod
401 3590 475 3671 post
506 3605 631 3649 annum
662 3583 726 3648 443
757 3586 883 3650 laetum
911 3604 982 3650 esse
1005 3586 1093 3651 inter
1116 3604 1228 3650 omnes
1250 3587 1320 3650 lere

278 3699 416 3780 constat,
445 3713 509 3758 non
540 3712 580 3758 eo
610 3695 680 3758 iam
709 3699 861 3780 tempore
892 3710 959 3780 quo
992 3714 1069 3758 cum
1100 3695 1160 3757 alii
1183 3699 1254 3757 tum
1280 3695 1320 3756 A.

276 3804 425 3869 Bccerus
441 3807 526 3868 hanc
540 3810 673 3889 partem
688 3805 907 3869 historiarum
925 3805 998 3869 eius
1012 3804 1233 3888 compositam
1248 3821 1320 3868 esse

277 3915 403 4000 volunt,
429 3916 599 4000 scripsisse
622 3915 717 3982 nobis
742 3914 996 3978 eoncedendum
1012 3933 1092 3999 esse,
1120 3913 1319 3998 praesertim

277 4042 355 4085 cum
367 4026 491 4089 multos
503 4045 556 4088 res
568 4025 634 4089 hoc
648 4026 723 4087 loeo
735 4029 888 4089 narratas
900 4024 943 4087 ab
956 4023 1086 4087 Italicis
1099 4028 1230 4086 tantum
1242 4041 1319 4086 auc·
