3176 4886
678 314 831 414 Em
943 274 948 287 „

238 484 343 546 tribus
366 483 461 548 libris
476 483 639 548 Herodoti
662 492 774 570 partes
798 484 961 570 quasdam
985 505 1005 548 a
1027 488 1280 552 recitationibus

236 613 350 658 rerum
382 598 561 680 gestarum,
591 615 681 679 quae
710 599 743 659 in
767 597 907 678 syssitiis
937 595 1281 661 Lacedaemoniorum

236 703 458 787 habebantur,
487 705 648 787 repetitas
679 723 758 768 esse.
804 703 931 788 Quodsi
967 706 1148 789 sumpseris
1180 705 1282 770 Hero-

237 812 356 877 dotum
378 814 439 876 has
462 816 667 878 narrationes
692 815 913 898 undecunque
945 821 1099 898 acceptas
1129 815 1282 880 nullane

236 929 371 987 mutata
386 923 490 1005 idque
507 925 753 1007 intercapedine
765 925 929 988 scribendi
942 925 1029 988 facta
1042 927 1282 1010 conscripsisse,

238 1033 339 1097 facile
361 1033 544 1118 intelleges,
574 1038 607 1096 et
638 1053 714 1096 eum
741 1035 832 1098 leves
856 1032 1019 1117 quasdam
1041 1033 1282 1118 discrepantias

236 1148 270 1206 et
299 1145 491 1206 iterationes
521 1160 635 1205 rerum
667 1144 774 1207 inesse
804 1145 838 1206 in
868 1144 964 1207 libris
995 1145 1061 1206 suis
1091 1144 1214 1226 fugisse
1248 1149 1281 1208 et

236 1255 348 1335 partes
372 1249 536 1334 quasdam
566 1255 676 1336 operis
707 1253 777 1316 eius
806 1253 894 1336 ipses
927 1271 987 1336 per
1016 1273 1051 1316 se
1082 1253 1282 1336 corpuscula

236 1359 346 1425 videri
359 1378 438 1424 esse.
463 1361 506 1424 At
519 1360 597 1424 inde
610 1378 825 1444 nequaquam
839 1362 1057 1443 consequitur
1067 1349 1281 1424 Herodotum

237 1487 294 1532 eas
325 1470 424 1552 quasi
454 1470 637 1553 separatim
673 1471 908 1555 composuisse,
943 1471 1105 1553 quoniam
1138 1489 1204 1534 non
1234 1473 1283 1534 ita

237 1579 396 1663 expletae
426 1584 502 1642 sunt
526 1581 681 1643 omnibus
705 1581 773 1644 suis
797 1581 955 1663 numeris,
986 1585 1024 1642 nt
1046 1582 1141 1664 ipsae
1163 1598 1224 1663 per
1246 1599 1282 1642 sc

236 1695 329 1753 recte
352 1677 482 1774 percipi
512 1691 648 1774 possint,
680 1695 712 1752 et
735 1690 896 1772 quoniam
926 1690 1144 1773 repetitiones
1167 1709 1281 1754 rerum

236 1799 317 1862 illae
340 1803 374 1862 et
398 1799 643 1883 discrepantiae
671 1801 837 1863 minorem
865 1799 1030 1883 probandi
1058 1801 1128 1862 vim
1156 1800 1281 1863 habent

238 1929 342 1990 quam
371 1914 409 1972 ut
443 1909 631 1993 quidquam
661 1927 705 1992 err
735 1911 782 1972 eis
813 1910 950 1973 astricte
979 1911 1083 1992 possit
1118 1907 1281 1972 concludi.

238 2017 438 2081 Rectissime
470 2019 574 2100 igitur
609 2017 691 2081 dicit
724 2017 766 2080 H.
806 2016 936 2081 Weiltus
976 2017 996 2080 1.
1032 2037 1060 2080 a.
1095 2021 1211 2080 contra
1241 2018 1280 2080 A.

240 2125 418 2192 Banasam:
449 2128 533 2192 Sans
557 2128 670 2211 doute,
699 2127 723 2189 il
746 2149 768 2208 y
792 2147 812 2188 a
835 2126 892 2190 des
920 2131 1034 2189 autres
1062 2127 1281 2212 repetitiones

240 2234 316 2318 plns
339 2233 458 2300 reelles
481 2239 541 2314 (sc.
565 2254 668 2318 quam
686 2253 774 2318 quae
795 2240 872 2297 sunt
895 2235 1112 2318 repetitiones
1129 2235 1193 2300 VII
1209 2235 1281 2313 205,

203 2371 205 2384 >
240 2345 322 2411 VIII
344 2341 395 2431 33,
418 2347 493 2409 aliis
517 2343 628 2430 locis);
651 2345 736 2408 meis
759 2345 841 2408 elles
856 2350 930 2408 sont
953 2350 1029 2429 trop
1052 2345 1183 2429 petitas,
1206 2349 1281 2429 trop

238 2455 478 2538 insignifiantes
501 2473 587 2540 pour
611 2457 778 2519 autoriser
808 2473 941 2519 aucune
972 2455 1155 2518 induction.
1192 2454 1281 2518 Tout

239 2566 389 2630 e'crivain
414 2585 455 2629 en
478 2567 578 2630 laisse
601 2565 769 2650 echapper
793 2565 834 2629 de
857 2566 1023 2649 parcilles.

345 2675 456 2759 Atque
479 2680 687 2758 argumenta,
711 2693 799 2756 quae
815 2673 888 2738 our.
906 2659 1040 2738 Roeseus
1062 2675 1082 2737 1.
1105 2693 1133 2736 a.
1159 2673 1282 2756 attulit,

240 2792 277 2850 ut
301 2785 548 2850 demonstraret
570 2783 781 2848 Herodotum
804 2789 957 2848 extremo
980 2785 1072 2846 vitae
1095 2801 1178 2846 suae
1201 2788 1282 2846 tem-

239 2912 322 2978 pore
355 2928 399 2941 ·-
431 2903 641 2975 quamquam
670 2893 760 2954 enim
790 2892 1116 2972 argumentationem
1147 2908 1214 2973 qua
1244 2891 1283 2956 A.

240 3005 388 3068 Bactrus
404 3003 562 3065 historias
575 3001 950 3084 Herodotisingulatim
962 3003 1165 3085 conscriptas
1181 3002 1284 3064 luisse
1369 3016 1373 3024 ·

241 3111 360 3177 docere
390 3112 513 3195 studet,
546 3129 682 3174 assensu
716 3129 776 3174 suo
811 3112 1010 3194 comprobat
1041 3111 1102 3175 ille
1135 3110 1284 3194 quidem,

241 3226 351 3286 tamen
386 3220 540 3285 dissentit
571 3221 615 3283 ab
652 3237 691 3283 eo
722 3218 764 3282 de
795 3225 961 3302 tempore,
995 3238 1063 3302 quo
1094 3219 1284 3283 Herodotus

240 3332 344 3396 libros
377 3348 454 3394 suos
484 3329 720 3392 retractaverit
752 3333 784 3391 et
813 3329 901 3391 inter
934 3347 970 3391 se
1001 3329 1211 3392 coniunxerit
1240 3364 1284 3374 —

241 3441 313 3524 ipsa
334 3441 403 3503 iarn
426 3441 475 3504 eis
498 3457 587 3522 quae
610 3438 677 3502 alio
693 3439 766 3502 loco
782 3440 811 3520 ¹)
834 3436 988 3520 disserui,
1010 3439 1175 3502 refutasse
1197 3439 1283 3502 111111
1311 3434 1314 3439 ’

242 3551 368 3615 videor.
413 3549 537 3615 Contra
566 3549 601 3614 O.
633 3548 830 3614 Nitasclrtam
861 3553 976 3613 autem
1007 3549 1091 3612 mitri
1123 3549 1284 3612 nonnulla

241 3659 381 3725 dicenda
404 3665 489 3746 sunt,
512 3659 603 3742 quod
629 3642 833 3724 1111111111
856 3676 993 3742 quoqne
1017 3661 1217 3738 argumenta
1240 3657 1283 3719 ab

242 3789 281 3834 eo
312 3772 416 3835 allata
446 3772 644 3855 comprobat
675 3769 727 3852 (ct.
751 3771 771 3834 l.
793 3789 823 3832 a.
853 3790 883 3853 p.
908 3770 935 3845 7,
966 3768 1018 3847 99,
1042 3765 1126 3849 107).
1171 3764 1285 3848 Atque

241 3933 447 3945 -u———n

348 4001 366 4067 ¹)
391 3998 498 4051 Bl'sttter
510 4000 529 4052 1.’
541 3997 566 4050 d.
580 3999 648 4052 bair.
663 3995 887 4064 Gymn.·Wesen,
907 3994 1007 4048 15111.
1022 3994 1046 4046 8.
1064 3993 1103 4062 11,
1122 4009 1147 4060 p.
1160 3992 1211 4044 370
1225 4005 1285 4059 sqq.
