3176 4886
245 477 393 542 Bauer-us
425 474 561 558 quidem
593 473 632 536 A.
655 471 844 537 Schoellium
860 473 886 554 ¹)
910 476 1053 559 secutus,
1079 474 1138 557 qui
1161 475 1287 556 primus

245 585 452 650 Herodotum
474 583 579 649 libros
601 581 759 648 VII—IX
782 583 907 665 primos
930 585 1127 664 conscriptos
1149 582 1288 646 Athenis

245 697 422 762 annotare
444 696 508 760 445
524 696 682 758 recitasse
705 692 803 779 dixit,
826 711 866 758 eo
883 698 1034 775 tempore
1050 698 1150 777 atque
1173 693 1288 758 ordine

245 825 309 892 quo
341 807 382 872 A.
414 803 637 890 Kirchhosfius
665 803 873 868 Herodotum
905 803 1007 868 libros
1036 821 1114 867 suos
1140 803 1287 885 primurn

244 917 477 998 conscripsisse
500 918 704 998 remetiens
728 913 843 976 multis
866 911 1101 977 additamentis
1122 914 1218 977 iactis
1240 931 1289 976 re·

244 1031 404 1092 tractatos
435 1044 506 1089 esse
535 1025 650 1088 statuit
682 1025 736 1102 (ei.
767 1024 787 1087 l.
811 1042 840 1086 a.
871 1044 901 1107 p.
927 1023 1014 1108 144),
1043 1021 1132 1087 unde
1157 1024 1289 1088 eluceat

245 1121 447 1220 argumenta
470 1135 514 1200 ab
537 1135 576 1199 A.
598 1132 802 1218 Kirchhnsfio
825 1133 929 1196 allata
954 1151 1019 1196 non
1044 1137 1112 1196 tam
1136 1132 1178 1196 ad
1202 1152 1288 1198 eom-

246 1250 408 1312 mentatos
427 1265 540 1329 ,quam
573 1243 616 1307 ad
647 1248 840 1308 retractatos
870 1244 972 1308 libros
1002 1244 1166 1324 pertinere
1195 1261 1289 1326 posse

246 1357 302 1436 [cf.
323 1358 343 1420 i.
366 1374 395 1419 a.
419 1375 449 1438 p.
472 1356 562 1436 173).
592 1352 716 1418 Contra
739 1351 771 1416 C.
794 1351 973 1417 Huciezius
995 1352 1204 1418 Herodotum
1228 1355 1288 1417 cir·

247 1468 329 1532 citer
351 1481 475 1529 annum
499 1465 573 1548 432,
591 1467 669 1548 post
691 1481 791 1545 quem
816 1481 940 1526 annum
963 1463 1066 1528 libros
1086 1463 1135 1527 VI
1150 1463 1289 1528 se-Ix

249 1576 448 1658 conscriptos
472 1592 543 1638 esse
566 1574 604 1637 A.
627 1571 830 1657 Kirehhosfio
854 1571 1012 1657 concedit,
1035 1573 1191 1638 historias
1212 1593 1289 1638 suas

248 1689 433 1750 retrectare
464 1685 612 1766 coepisse
644 1684 828 1746 arbitratur
858 1682 913 1760 (ci.
942 1681 963 1746 l.
993 1701 1022 1747 a.
1051 1702 1082 1765 p.
1104 1682 1147 1746 64
1169 1687 1201 1746 et
1224 1683 1290 1763 74).

248 1795 320 1860 etr.
338 1793 512 1875 Roeseus²)
535 1799 660 1878 autem,
684 1793 743 1876 qui
768 1797 799 1855 et
822 1793 894 1874 ipse
910 1793 1120 1858 Herodotum
1143 1794 1287 1875 primum

245 1905 399 1968 historias
427 1922 505 1968 suas
535 1904 582 1966 ita
606 1902 799 1965 exaravisse
829 1904 866 1964 ut
888 1901 976 1964 aliae
998 1903 1082 1965 alias
1106 1919 1170 1966 non
1193 1919 1284 1987 spoe-

247 2019 362 2098 tarent,
392 2018 497 2098 putat,
527 2014 587 2076 has
617 2011 714 2074 iilum
743 2015 896 2078 extremo
920 2013 1010 2075 vitae
1033 2029 1114 2075 suae
1138 2015 1287 2093 tempore

249 2126 282 2186 in
312 2143 416 2186 unum
448 2141 565 2205 eorpus
594 2120 765 2203 redegisse
793 2139 855 2206 pro
885 2125 973 2185 certo
1004 2122 1095 2205 ponit
1128 2121 1181 2200 (cf.
1211 2121 1231 2187 l.
1261 2142 1290 2186 a.
1336 2123 1344 2199 ,ἒ

250 2255 280 2318 p.
302 2235 324 2296 4
346 2237 379 2296 et
401 2234 446 2312 6).
490 2229 525 2296 0.
549 2229 767 2313 Nitzschius³)
797 2231 943 2315 denique
970 2230 1059 2315 dixit
1082 2232 1288 2297 Herodotum
1330 2204 1338 2256 ’ἢ

250 2325 358 2429 primo
392 2345 538 2427 singutas
576 2343 786 2407 historiarum
819 2361 956 2406 suarum
985 2347 1096 2425 partes
1127 2343 1290 2408 recitandi

248 2472 348 2518 causa
372 2454 603 2535 conscripsisse
635 2456 735 2534 atque
763 2453 945 2534 posteriore
976 2451 1112 2517 demum
1142 2457 1291 2534 tempore

248 2564 369 2627 muitis'
403 2564 503 2627 rebus
546 2563 699 2647 mutatis,
733 2561 899 2626 nonnullis
929 2562 1134 2644 transpositis
1167 2561 1290 2626 additis

214 2661 223 2672 ’
249 2672 391 2756 demptis
414 2675 463 2737 ita
486 2673 699 2738 coniunxisse
721 2673 809 2735 inter
831 2691 867 2737 se
898 2672 952 2751 (cf.
976 2671 995 2735 l.
1018 2690 1046 2735 a.
1068 2691 1097 2753 p.
1121 2673 1167 2756 3),
1197 2672 1290 2734 utin

248 2785 342 2846 unius
366 2784 475 2867 operis
499 2765 619 2868 corpus
642 2782 878 2846 coalescerent.
899 2851 903 2855 ,

352 2891 529 2977 Equidem,
560 2897 689 2956 remota
711 2892 916 2976 quaestione,
944 2891 1101 2955 historias
1123 2909 1201 2954 suas
1225 2909 1291 2974 quo

250 3021 421 3087 quamque
445 3006 595 3084 ternpore
618 3002 848 3084 conscripserit
863 3000 1062 3086 Herodotus,
1085 3018 1290 3082 quemqnam

249 3130 336 3195 quae
359 3112 399 3176 A.
422 3109 642 3196 Kirehhosfios
664 3111 706 3174 de
729 3111 794 3175 hae
817 3127 854 3172 re
877 3109 1031 3192 pluribus
1055 3108 1166 3172 verbis
1189 3125 1291 3188 expo-

249 3223 322 3305 suit,
352 3241 394 3286 ne
417 3223 487 3304 ipse
515 3220 652 3304 quidem
681 3223 814 3304 penitus
837 3218 1137 3303 comprobaverim,
1167 3219 1201 3281 in
1224 3219 1292 3281 ani·

250 3352 342 3396 mum
372 3331 491 3397 induxi
521 3332 622 3396 letius
651 3334 833 3416 fusiusque,
855 3349 923 3414 quo
954 3329 1068 3394 ordine
1090 3328 1192 3393 libros
1214 3347 1291 3393 suos

250 3443 428 3506 confecerit
450 3440 518 3527 iile,
541 3441 713 3506 disserere.
757 3440 983 3524 Nequaquam
1008 3437 1106 3523 enim,
1131 3437 1293 3502 Herodoti

356 3643 375 3712 ¹)
411 3641 550 3696 Herodots
570 3641 772 3710 Verlesungen,
790 3639 890 3693 Philol.
908 3638 933 3690 X
953 3656 976 3708 p.
994 3638 1047 3692 410
1064 3653 1124 3706 sqq.

355 3739 377 3807 ¹)
412 3736 467 3790 Hat
493 3736 619 3790 Herodot
644 3738 702 3789 sein
720 3737 808 3789 Werlr
834 3733 919 3788 selbst
944 3731 1191 3802 herausgegeben?
1219 3729 1294 3785 Gias·

250 3828 393 3883 sen1879.
1378 3887 1382 3894 Ι

353 3924 373 3989 ⁸)
410 3919 552 3973 Abhandl.
572 3921 616 3973 iib.
634 3918 773 3972 Herodot:
795 3917 825 3988 1)
844 3917 954 3988 Spuren
971 3915 1073 3968 alteror
1091 3913 1245 3966 Redaction
1262 3913 1293 3962 in

250 4014 385 4083 Herodot,
403 4014 432 4085 2)
452 4013 497 4065 nb.
515 4013 540 4064 d.
559 4011 671 4065 Schluss
689 4011 714 4064 d.
734 4010 866 4063 Herodot.
885 4009 1012 4077 Werkes,
1030 4005 1163 4059 Bieleseld
1183 4003 1258 4058 1873.
