3176 4886
719 285 874 384 Aa„

277 457 414 522 doctum
438 458 490 520 iri.
534 459 660 544 Utique
676 477 756 523 vero
780 460 845 524 hac
867 461 996 522 ratione
1018 458 1094 522 illos
1117 459 1206 523 locos
1229 461 1318 523 fucil-

277 569 358 631 lime
375 569 526 649 accipere
541 574 652 638 mente
669 587 853 650 possumus.
878 569 977 652 Quod
994 569 1319 635 accenseamus

277 677 314 756 (l.
336 697 365 741 a.
388 697 418 758 p.
441 679 492 763 79,
515 678 567 764 80,
590 679 648 757 85)
680 678 769 764 dicit,
799 697 895 744 suam
927 681 1123 742 sententiam
1154 680 1183 742 si
1213 680 1319 742 secuti

242 802 245 807 ’
275 790 386 867 simus,
416 789 515 852 facile
537 808 594 852 nos
624 791 742 853 animis
765 791 860 854 nobis
883 792 1006 872 lingere
1029 809 1135 875 posse,
1168 790 1318 856 Herodo-

277 906 348 961 tum
371 898 474 962 libros
503 917 579 962 suos
608 903 845 962 retractantem
874 901 1050 963 nonnullas
1080 920 1133 965 res
1155 903 1190 964 in
1213 905 1317 983 postc-

276 1008 365 1071 riore
387 1012 480 1088 parte
501 1009 611 1091 operis
626 1012 780 1072 narratas
803 1009 971 1072 rettulisse
993 1011 1028 1073 in
1051 1013 1224 1094 superiore
1248 1028 1319 1073 esse

276 1117 339 1179 sibi
352 1117 471 1196 visum,
491 1118 564 1199 quis
577 1115 700 1200 credat,
719 1117 927 1182 Herodotum
941 1119 1012 1182 sine
1037 1119 1104 1182 ullo
1126 1120 1249 1184 iudicio
1271 1120 1318 1183 hi-

276 1227 394 1288 storias
406 1245 482 1288 suas
495 1226 676 1290 retexuisse
690 1231 722 1290 et
734 1229 945 1292 coniunxisse
956 1229 1043 1291 inter
1055 1247 1090 1293 se
1103 1231 1319 1314 nescientem,

275 1333 357 1418 quid
368 1336 402 1397 in
411 1336 587 1420 prioribus,
600 1337 728 1418 qnid'in
742 1339 981 1419 posterioribus
995 1337 1090 1402 libris
1105 1339 1318 1419 prodiderit?

379 1443 431 1504 De
453 1444 516 1506 hac
545 1463 582 1506 re
604 1445 744 1509 uberius
775 1447 858 1509 mihi
888 1445 1126 1530 disputandum
1159 1465 1230 1511 esse
1261 1467 1319 1530 pu-

276 1553 356 1636 tavi,
379 1553 466 1635 quod
497 1553 574 1616 inde
604 1556 814 1635 apertissime
845 1557 1066 1640 consequitur,
1098 1559 1231 1621 omuino
1254 1573 1318 1620 non

276 1664 355 1744 fingi
377 1681 480 1747 posse,
512 1662 719 1727 Herodotum
750 1666 905 1728 historias
934 1684 1012 1727 suas
1034 1667 1083 1726 ita
1106 1671 1142 1726 ut
1165 1667 1318 1746 singulae

277 1788 391 1837 earum
423 1777 533 1854 partes
563 1773 763 1855 corpuscula
791 1773 948 1835 absoluta
980 1777 1088 1834 essent
1114 1773 1317 1853 conscriptas
1395 1838 1399 1848 ,

278 1875 443 1947 habuisse.
487 1882 578 1966 Quid
602 1883 713 1946 enim?
744 1901 820 1944 cum
845 1880 1037 1964 viderimus,
1059 1881 1093 1942 in
1117 1897 1318 1962 unaquaque

276 1989 366 2054 locos
388 1992 503 2075 inesse,
533 1990 593 2072 qui
623 1988 694 2050 sine
725 1987 782 2072 eis,
813 2003 900 2068 qnae
928 1986 997 2048 iam
1026 1991 1129 2070 supra
1152 1989 1211 2047 aut
1232 1983 1319 2046 infra

277 2099 367 2164 dicta
395 2105 480 2182 sunt,
514 2099 606 2162 nullo
638 2098 735 2162 modo
766 2097 927 2180 explicari
959 2102 1052 2161 recte
1082 2100 1140 2159 ant
1169 2093 1319 2175 intellegi
1396 2119 1399 2126 ¹

255 2185 411 2292 possint,
441 2208 589 2290 singulos
619 2207 720 2270 libros
750 2207 952 2290 corpuscula
982 2207 1067 2269 inter
1097 2222 1133 2270 sc
1156 2203 1320 2267 disiuncta

278 2316 426 2380 effecisse
448 2317 713 2381 arbitrabimur?
743 2315 863 2380 Nonne
885 2317 1088 2398 putabimus,
1111 2313 1318 2383 Herodotum

276 2429 343 2490 iam
366 2425 446 2490 inde
470 2427 513 2490 ab
535 2427 628 2491 initio
644 2419 757 2490 ornnes
777 2427 929 2489 historias
952 2445 1028 2488 suas
1050 2425 1099 2489 ita
1123 2424 1319 2508 concepisse,
1354 2483 1355 2488 ,

277 2541 316 2600 ut
340 2556 442 2599 unum
465 2537 500 2598 in
523 2553 641 2618 corpus
665 2534 924 2618 redigerentur?

382 2646 605 2730 Nontgnoro,
630 2650 663 2709 et
686 2645 726 2709 A.
742 2644 906 2709 Bonorum
930 2645 966 2724 (i.
991 2663 1019 2708 a.
1042 2664 1074 2725 p.
1089 2644 1168 2722 173)
1192 2646 1224 2706 ct
1247 2641 1320 2707 Otr.
1394 2643 1397 2647 ’

221 2833 223 2841 ¹
280 2757 430 2822 Rocseum
453 2757 490 2836 (i.
514 2776 595 2838 ap.
620 2757 655 2836 7)
679 2760 712 2818 ct
736 2755 767 2820 O.
791 2754 987 2820 Hachesium
1011 2755 1046 2834 (l.
1061 2773 1099 2818 a.
1121 2773 1153 2836 p.
1177 2754 1234 2834 39)
1256 2757 1320 2817 sta-

278 2871 381 2950 tuere,
411 2867 439 2930 si
468 2867 656 2950 sumpseris,
694 2865 902 2958 Herodotum
932 2866 1083 2928 historias
1117 2882 1193 2928 suas
1223 2867 1321 2926 antea

277 2977 458 3061 separatim
482 2978 685 3060 conscriptas
701 2979 900 3039 retractasse
915 2979 958 3053 et,
971 2975 1085 3038 multis
1109 2973 1317 3038 additamen-

278 3085 319 3149 tis
342 3086 436 3149 factis
459 3085 544 3148 inter
563 3102 600 3148 se
615 3085 788 3148 conexisse
803 3085 986 3168 posteriore
1002 3082 1137 3146 demum
1162 3086 1321 3172 tempore,

278 3212 368 3276 quae
389 3195 501 3257 insunt
531 3194 563 3256 in
587 3193 660 3256 eius
690 3192 785 3256 libris
815 3191 1028 3276 repetitiones
1054 3209 1170 3255 rerum
1203 3196 1236 3254 et
1259 3190 1322 3253 dis-

279 3305 466 3384 crepantias
482 3303 642 3367 facillime
657 3300 825 3366 enucleari
849 3319 961 3386 posse,
984 3305 1184 3364 retractasse
1206 3305 1319 3364 autem

279 3413 333 3475 vel
355 3413 431 3476 inde
453 3417 578 3495 patere,
601 3412 692 3496 quod
715 3413 749 3475 in
772 3430 797 3477 c.
821 3413 907 3476 301.
930 3412 978 3479 IV
1001 3414 1073 3495 ipso
1096 3411 1199 3475 dicat:
1223 3429 1320 3493 προσ-

277 3519 385 3606 θήκας
406 3522 469 3605 γὰρ
493 3519 533 3604 δή
557 3541 609 3605 μοι
632 3520 649 3583 ὁ
672 3519 769 3606 λόγος
793 3520 826 3600 ἐξ
850 3521 965 3614 ἀρχῆς1
986 3518 1121 3602 ἐδίζητο,
1154 3519 1245 3602 quod
1276 3520 1322 3582 nil

279 3632 342 3694 nisi
376 3631 606 3696 additamenta
646 3632 703 3695 vel
744 3624 964 3695 correctiones
1002 3630 1323 3712 emendationesque

279 3759 393 3804 rerum
417 3741 628 3823 quarundam
650 3742 705 3805 vel
732 3745 826 3804 notas
852 3739 999 3821 margini
1022 3741 1185 3820 ascriptas
1208 3739 1324 3800 ualere

280 3851 384 3934 possit
407 3850 460 3934 (cf.
483 3852 523 3915 A.
545 3852 665 3917 Bauer.
690 3851 709 3914 l.
732 3868 760 3914 a.
783 3870 813 3932 p.
838 3850 911 3934 141,
935 3848 1007 3934 Chr.
1030 3849 1136 3914 Roese.
1160 3849 1181 3913 l.
1197 3867 1225 3912 a.
1248 3867 1278 3929 p.
1294 3847 1323 3929 8,

281 3951 313 4024 C.
336 3959 474 4026 Hachcz.
504 3961 525 4024 l.
548 3979 578 4024 a.
607 3979 638 4041 p.
660 3957 740 4036 20).·
771 3961 815 4022 At
844 3958 929 4022 mihi
960 3956 1096 4040 quidem
1126 3974 1322 4042 persuasum
