3176 4886
725 245 880 344 A

286 415 448 502 βουλεύειν
538 416 728 480 κελεύων
752 419 876 481 αὐτὸν
900 413 1128 499 (εαΚῦρον)
1151 415 1327 500 Ἀράξεα

286 528 473 610 ποταμὸν
498 525 703 613 διαβάντα
726 525 833 591 ίίναι
856 526 921 590 ἐπί
944 523 1225 610 Μασσαγέτας
1248 526 1330 624 κτλ,

285 636 500 699 manifestum
525 643 574 700 est
596 637 715 700 referri
740 656 816 700 cum
835 637 876 699 ad
900 655 947 700 cc.
971 633 1233 720 201-2141.1‚
1256 640 1327 719 qui-

286 745 346 808 bus
369 746 537 829 expeditio
555 764 575 809 a
595 745 683 828 Cyro
707 751 823 810 eontra
837 747 1041 828 Massagetas
1064 749 1151 810 tacta
1174 746 1326 830 pluribus

286 856 397 919 verbis
433 857 642 940 explanatur,
677 862 750 920 tum
784 856 827 920 ad
859 876 884 920 c.
914 857 976 918 207
1008 857 1028 918 l.
1058 857 1082 940 I,
1117 858 1177 921 ubi
1206 857 1326 940 quibus

285 967 397 1029 verbis
429 965 572 1031 Croesus
597 965 678 1048 Cyri
708 968 866 1052 animum,
897 973 933 1029 ut
966 962 1044 1030 belli
1070 973 1184 1030 contra
1206 967 1326 1031 Massa·

285 1080 377 1156 getas
406 1078 538 1139 initium
568 1079 692 1140 faceret
722 1077 803 1161 ipse,
833 1077 1014 1159 impulerit,
1046 1079 1229 1142 memoriae
1255 1095 1327 1162 pro-

285 1185 384 1248 ditur.
436 1185 619 1270 Neminem
643 1188 791 1268 profecto
822 1206 893 1250 essa
925 1190 1005 1270 puto
1036 1188 1095 1268 qui
1127 1186 1187 1250 illa
1220 1190 1325 1252 verba

285 1291 393 1356 11136
416 1297 541 1370 attento
566 1295 677 1358 animo
702 1312 900 1376 cognoscens
923 1313 986 1358 uon
1010 1296 1201 1377 arbitretur,
1226 1297 1327 1361 Hero·

285 1405 398 1467 dotum
422 1403 533 1484 ipsum
556 1403 803 1487 quodammodo
827 1393 960 1491 fingere,
990 1406 1137 1488 legentes
1160 1424 1212 1469 res
1236 1407 1325 1470 betto

285 1516 401 1575 contra
417 1509 618 1593 Massagetas
642 1519 752 1606 gestas
774 1503 963 1579 accuratius
978 1517 1046 1580 iam
1069 1535 1172 1598 supra
1194 1516 1325 1580 edoctos

285 1639 373 1700 esse3
404 1622 491 1704 quod
516 1625 751 1704 gravissimum
784 1630 1015 1706 argumentum
1041 1631 1099 1709 est,
1128 1625 1252 1687 librum
1276 1626 1326 1689 III

284 1731 371 1794 libro
393 1731 410 1794 I
433 1734 616 1816 posteriore
639 1737 787 1816 tempore
809 1723 1069 1813 scriptnm'esse.
1195 1793 1198 1798 ,

387 1844 415 1906 6.
459 1841 497 1906 In
520 1862 545 1906 ο.
577 1843 617 1906 70
648 1843 668 1906 l.
699 1843 715 1906 I
746 1848 778 1906 et
806 1845 839 1905 in
871 1861 898 1904 o.
925 1843 967 1904 47
999 1842 1018 1904 l.
1049 1841 1098 1903 ΙΙΙ
1129 1840 1316 1903 Herodotus

284 1953 466 2026 memoriae
496 1949 618 2034 prodit,
649 1971 669 2013 a
699 1951 971 2013 Lacedaemoniis
1002 1947 1124 2012 Croeso
1155 1952 1321 2010 crateram

284 2061 430 2145 missam,
453 2081 473 2123 a
493 2061 612 2125 Samiis
635 2067 750 2123 autern
774 2065 904 2142 raptam
930 2077 1017 2143 esse3
1040 2064 1141 2140 atque
1165 2077 1240 2120 cum
1264 2057 1323 2120 illo

283 2171 356 2234 loco
373 2171 483 2236 verbis
500 2170 639 2254 additis3
660 2171 746 2258 τάχα
767 2169 802 2234 δὲ
818 2171 855 2234 ἂν
872 2171 928 2234 καί
944 2169 973 2234 οἱ
989 2167 1183 2253 ἀποδόμενοι
1199 2165 1322 2252 λέγοιεν

285 2278 474 2364 ἀπικόμενοι
505 2281 537 2355 ἐς
560 2279 709 2364 Σπάρτην
741 2279 783 2356 ὡς
813 2279 1064 2365 ἀπαιρεθείησαν
1094 2278 1157 2342 ὑπὸ
1188 2273 1324 2360 Σαμίων,

285 2389 417 2455 dubitet
441 2392 567 2474 utique,
590 2411 670 2454 num
687 2391 790 2454 Samii
809 2411 846 2454 re
861 2410 943 2454 vera
964 2391 1139 2474 rapuerint
1162 2392 1325 2452 crateram

285 2505 318 2564 et
341 2519 376 2562 se
393 2501 530 2563 'inclinet
553 2501 594 2564 ad
619 2501 757 2585 Samios,
790 2503 848 2583 qni
871 2520 907 2563 se
929 2519 1004 2564 eam
1027 2498 1218 2563 vendidisse
1239 2499 1324 2560 attit-

285 2611 435 2674 mabant:
458 2611 492 2673 in
516 2610 605 2673 c.-47
629 2611 649 2674 l.
672 2611 723 2675 III
745 2612 804 2674 ubi
827 2612 981 2692 legimus:
1012 2607 1238 2692 imperatorne
1263 2610 1321 2687 (so.

285 2719 314 2782 οἱ
336 2718 599 2802 Λακεδαιμόνιοι)
629 2718 671 2795 ὡς
694 2718 845 2783 τίσασθαι
875 2718 1064 2806 βουλόμενοι
1085 2726 1142 2781 τοῦ
1165 2725 1323 2803 κρητῆρος

283 2837 340 2914 τῆς
363 2828 519 2913 ἁρπαγης,
541 2830 595 2891 τὸν
619 2827 699 2913 ηγον
723 2827 851 2912 Κροίσῳ
874 2827 956 2908 nri„¹
982 2829 1323 2894 Lacedaemoniorum

284 2936 478 3004 sententiam
509 2939 627 3002 Samiis
662 2941 865 3002 contrariam
899 2940 1058 3023 sequitur.
1110 2939 1192 3002 Inde
1222 2942 1322 3022 patet,

285 3067 363 3112 eum
385 3052 584 3113 sententiam
606 3049 649 3113 ab
672 3050 753 3133 ipsis
779 3047 1052 3112 Lacedaemoniis
1078 3049 1244 3132 prolatam
1266 3065 1322 3129 po-

234 3171 235 3176 ’
284 3162 423 3224 steriora
452 3160 587 3234 demum
620 3165 769 3240 tempore
792 3160 993 3242 comperisse
1021 3157 1086 3243 vel,
1116 3157 1204 3240 quod
1233 3156 1323 3220 idem

285 3273 343 3354 est,
365 3269 492 3332 librum
508 3270 655 3350 primum
671 3272 771 3332 tertio
787 3270 878 3351 prius
903 3269 1098 3352 concepisse.
1144 3266 1209 3330 Sed
1231 3266 1321 3330 idem

285 3379 351 3442 alia
374 3397 508 3465 qnoque
530 3381 659 3443 ratione
682 3380 784 3462 idque
806 3380 934 3444 maiore
949 3381 983 3441 vi
1002 3377 1167 3460 probandi
1190 3376 1323 3440 demon·

284 3491 384 3552 strari
418 3492 533 3569 potest.
584 3489 656 3552 Nisi
687 3490 776 3552 enim
810 3491 877 3552 iam
907 3489 923 3552 I
954 3489 995 3550 70
1028 3489 1070 3551 de
1100 3492 1230 3551 cratera
1262 3487 1323 3572 illa

284 3599 388 3660 fusius
411 3598 578 3680 latiusque
609 3597 738 3661 dictum
763 3602 856 3680 esset,
878 3616 942 3661 uon
965 3599 1043 3662 satis
1066 3599 1322 3680 perciperemus

285 3704 367 3789 quid
390 3705 496 3770 verba
518 3706 578 3770 illa
602 3725 672 3788 cap.
694 3707 735 3768 47
760 3706 779 3769 l.
802 3706 859 3790 ΠΙ,
889 3707 1010 3789 quibus
1036 3711 1149 3788 raptus
1172 3709 1323 3770 craterae

283 3819 372 3880 illius
406 3818 526 3881 leviter
561 3818 802 3901 perstringitur,
835 3817 896 3880 sibi
932 3816 1063 3880 vellent.
1118 3815 1320 3881 Herodotum

284 3932 397 3992 antem
428 3929 490 3991 hoc
519 3928 591 3992 loco
623 3927 688 4006 (III
719 3927 778 4008 47)
815 3931 981 3992 crateram
1012 3928 1106 3992 illam
1137 3928 1260 3991 iudicio
1292 3931 1324 3989 et
