3176 4886
684 301 839 398 Aa..
891 377 896 409 ,

240 474 333 537 bella
355 473 492 536 Persica
515 471 704 554 ‹lirigcret“.
748 471 811 536 Sed
844 473 946 535 etiam
977 473 1061 535 haec
1087 473 1281 554 iuterpreta-

241 585 286 645 tic
309 582 445 672 illorum
469 582 620 644 locorum
643 580 722 644 libri
744 581 760 644 Ι
782 581 866 643 mihi
886 581 985 644 nimis
1001 581 1126 645 callida
1148 588 1181 645 et
1203 583 1282 644 arti-

240 692 354 754 ficiosa
382 691 518 754 videtur
549 708 636 772 esse3
666 694 782 754 contra
812 690 902 774 quod
931 691 1013 754 illae
1042 692 1201 756 historiae
1224 691 1333 1201 deq

240 801 394 880 syriacae
417 797 509 862 nullo
530 797 604 862 loco
627 799 736 881 operis
759 797 921 862 Herodoti
945 798 1169 882 inveniuntur,
1189 799 1282 864 facil-

239 909 322 974 lime
333 912 367 1000 et
378 907 625 992 simplicissime
633 909 728 972 nobis
738 909 898 991 effingere
907 925 964 972 uos
976 925 1073 992 posse
1081 909 1281 994 putaverim

240 1021 268 1082 si
302 1019 467 1102 ponimus,
500 1037 580 1082 eum
613 1037 696 1102 opus
730 1038 828 1082 suum
856 1036 921 1081 nou
952 1019 1106 1081 omnibus
1134 1021 1281 1082 numeris

124 1117 127 1124 ’
241 1120 434 1191 absolutum
445 1126 601 1192 habuisse
613 1131 717 1210 atquc
731 1113 966 1211 imperfectum
981 1125 1163 1209 reliquisse.
1186 1125 1283 1190 Idem

241 1240 391 1320 patescet
413 1255 457 1300 cx
479 1253 519 1299 eo
544 1235 633 1319 quod
655 1237 744 1300 infra
767 1242 818 1321 tp..
836 1237 880 1299 44
902 1237 988 1318 sqq.)
1011 1233 1147 1299 uberius
1170 1233 1283 1318 dispu-

242 1347 385 1410 tabimus
401 1345 533 1410 deloco
550 1346 609 1429 qui
629 1351 677 1410 est
693 1346 759 1412 VII
774 1347 825 1431 13,
849 1363 916 1429 quo
940 1349 973 1408 et
995 1347 1068 1430 ipso
1085 1344 1282 1426 Herodotus,

242 1457 330 1539 quod
353 1475 518 1540 nusquam
540 1457 712 1541 praestitit,
735 1457 906 1541 pollicitus
929 1461 987 1520 est.

345 1566 463 1656 Restat
485 1569 522 1628 ut
544 1565 660 1650 paucis
684 1566 847 1650 attingam
869 1585 910 1630 ca
932 1584 1030 1651 quae,
1053 1567 1112 1649 qui
1133 1563 1282 1628 Herode·
1398 1553 1402 1561 ’

243 1681 313 1740 tum
343 1675 499 1757 historias
528 1693 605 1738 suas
635 1675 831 1758 singulatim
862 1675 1096 1759 conscripsisse
1126 1677 1282 1758 statuunt,

243 1786 432 1866 attulerunt,
466 1788 503 1848 ut
532 1785 729 1848 sententiam
761 1805 858 1848 suam
888 1778 1015 1849 rectam
1045 1802 1117 1848 esse
1148 1783 1281 1846 demon-

241 1897 392 1956 strarent.
438 1892 549 1975 Atque
571 1892 611 1956 A.
634 1892 758 1958 Bostari
788 1896 1070 1975 argumentorum,
1100 1908 1187 1974 quae
1209 1889 1281 1974 plu·

244 2001 329 2062 rima
350 2001 385 2062 in
408 2018 566 2084 perversa
595 1999 758 2065 Herodoti
788 1999 1063 2085 interpretatione
1092 1999 1201 2082 posita
1223 2003 1281 2060 aut

244 2110 341 2173 nimis
363 2116 482 2193 arguta
504 2113 719 2194 contortaque
741 2115 827 2196 sunt,
856 2113 924 2173 iam
946 2108 989 2174 H.
1017 2107 1149 2173 Wcilius
1178 2107 1213 2190 (l.
1237 2109 1282 2188 a.)

244 2223 277 2282 er
300 2219 338 2284 t.
360 2192 579 2286 coartatam
601 2222 637 2300 (ι.
660 2241 688 2284 a.
710 2244 741 2306 p.
765 2222 827 2286 282
851 2223 938 2305 sqq.)
969 2219 1140 2305 permulta
1163 2219 1282 2286 noera-

244 2330 326 2394 simc
348 2331 588 2416 refutaverunt,
610 2332 768 2395 nonnulla
787 2331 891 2396 etiam
913 2333 961 2394 cis
984 2347 1074 2414 qaae
1096 2349 1199 2414 supra
1220 2330 1282 2393 dis-

153 2423 159 2434 ’
243 2443 408 2524 seruimus
438 2442 544 2506 diluta
574 2459 644 2505 esse
674 2446 763 2526 puto.
815 2443 998 2506 Praeterea
1026 2440 1093 2504 loci
1123 2457 1218 2524 quos,
1248 2444 1282 2502 ot
1368 2445 1370 2450 ’

242 2553 392 2635 aliquam
414 2557 548 2637 partem
571 2554 681 2636 operis
704 2550 867 2617 Herodoti
896 2555 974 2615 ante
996 2551 1100 2616 aliam
1122 2540 1298 2633 composi--
1338 2565 1346 2586 ³

241 2666 311 2724 tam
345 2678 417 2724 esse
451 2661 619 2746 probaret,
655 2663 829 2745 usurpavit
863 2660 903 2724 A.
937 2659 1094 2743 Baccarus,
1128 2659 1282 2742 plerique

241 2768 402 2834 eiusmodi
426 2773 512 2853 sunt,
533 2774 649 2833 utnon
665 2769 774 2832 minus
791 2771 881 2833 recte
896 2768 1006 2852 ipsam
1021 2766 1057 2829 in
1080 2767 1281 2830 contrariam

242 2883 375 2963 partem
397 2879 594 2944 concludere
615 2879 735 2958 liceat3
765 2878 850 2943 tales
881 2882 993 2944 autem
1022 2877 1114 2940 locos
1141 2876 1183 2939 ad
1207 2895 1280 2960 pro-

242 2991 383 3072 positam
413 2989 650 3072 coniecturam‚
684 3008 772 3073 quae
805 2988 880 3051 aliis
910 2987 1116 3070 argumentis
1144 2986 1281 3070 probari

240 3116 307 3161 non
328 3102 445 3182 potest,
467 3097 763 3162 demonstrandam
786 3097 946 3162 adhibere
969 3097 1168 3161 abhorrete
1190 3099 1281 3158 recta

241 3205 424 3269 disserendi
453 3208 510 3268 via
539 3208 572 3268 et
601 3207 739 3270 ratione.
785 3205 862 3269 Jam
891 3223 971 3269 vero
1004 3204 1093 3288 quod
1117 3203 1280 3267 molestae

241 3313 485 3396 discrepantiae
515 3318 617 3396 atque
646 3315 838 3378 iterationes
863 3333 977 3378 rerum
998 3315 1032 3377 iu
1056 3313 1219 3378 Herodoti
1241 3313 1280 3375 li·

241 3421 310 3486 bris
323 3423 441 3507 insunt,
463 3423 542 3487 inde
557 3425 690 3487 omnino
707 3442 771 3488 uon
787 3425 1009 3509 consequitur,
1032 3424 1105 3486 eius
1121 3423 1276 3488 historias

241 3537 339 3597 antea
354 3533 501 3616 singulos
517 3532 650 3597 libellos
667 3534 776 3620 tuisse,
800 3552 1019 3618 quamquam,
1043 3538 1078 3597 ut
1095 3535 1164 3598 iam
1179 3551 1281 3616 supra

241 3641 320 3722 dixi,
351 3641 383 3706 O.
407 3641 588 3711 Hccbezius
619 3647 652 3708 et
675 3643 713 3709 A.
737 3643 884 3708 Baucrus
911 3648 943 3708 et
965 3643 1036 3708 Olor.
1059 3643 1195 3708 Roeseus
1216 3642 1281 3704 hoc

239 3755 347 3838 posito
377 3753 473 3818 illam
506 3753 681 3818 scribentis
718 3753 908 3819 socordiam
940 3754 1100 3818 facillime
1133 3751 1281 3832 intellegi

211 3882 335 3958 *posse
357 3870 483 3949 putant.
526 3865 616 3930 Nam
645 3863 737 3948 quod
769 3865 949 3928 nonnullae
977 3881 1031 3926 res
1062 3880 1182 3945 parum
1208 3859 1281 3923 dili·

240 3978 356 4054 genter
383 3979 416 4038 et
446 3980 603 4039 accurate
632 3976 776 4059 scriptae
805 3977 889 4058 sunt,
918 3972 1213 4056 simplicissimam,
1245 3974 1281 4032 ut
