3176 4886
744 318 900 416 ...2.1...

305 487 507 552 cludendum
538 491 595 572 est,
626 489 695 550 iem
725 509 826 571 supra
858 491 1122 577 unum-flumen,
1152 494 1186 555 in
1217 513 1283 576 quo
1315 498 1347 558 et

304 596 376 676 ipsu
392 595 549 659 crocodili
564 597 784 681 reperiantur,
798 601 1004 663 nominatum
1018 610 1104 682 esse,
1120 618 1220 683 quem
1235 601 1345 664 locutu

303 706 492 768 invenimus
514 706 549 767 iu
572 724 617 770 cc.
639 706 766 769 63-71
792 708 811 769 l.
834 708 876 791 II,
908 710 965 773 ubi
990 709 1178 774 Herodotus
1201 711 1280 773 dicit
1303 711 1346 775 de

305 812 489 899 crocodilis,
512 815 627 896 quiin
649 815 728 878 Nilo
751 815 886 880 flumine
909 823 1047 883 exstent.

413 924 460 986 15.
498 925 612 989 Verbo
634 943 704 1005 cup.
725 926 767 987 42
787 925 808 989 l.
823 927 872 992 IV
895 945 982 1008 quae
1005 935 1095 992 sunt:
1118 930 1345 1015 θαυμάζω

306 1029 355 1092 ὧν
380 1028 722 1113 διουρισάντων
746 1031 816 1094 καί
839 1030 1096 1098 διελόντων
1120 1035 1347 1126 Λιβὺηντε

305 1139 383 1201 καί
404 1137 553 1222 Ἀσίην
577 1139 654 1202 καί
676 1137 915 1224 Εὐρώπην,
938 1145 972 1206 iu
994 1144 1108 1208 oculos
1131 1151 1277 1212 occurrii
1298 1169 1346 1212 re·

305 1248 384 1310 ferri
406 1247 447 1310 ad
472 1249 556 1312 haec
579 1241 672 1330 quas
696 1249 806 1312 insunt
828 1252 862 1312 in
893 1270 919 1314 c.
943 1249 983 1314 16
1007 1251 1028 1314 l.
1050 1251 1098 1315 II:
1128 1249 1292 1339 Ἕλληνας
1313 1277 1347 1320 τε

304 1355 360 1416 καί
389 1355 503 1430 αὐτοὺς
526 1353 641 1432 Ἴωνας
673 1355 882 1442 ἀποδείκνυμι
913 1359 973 1422 οὐκ
1003 1359 1231 1445 ἐπισταμένους
1261 1363 1346 1450 λογί-

304 1461 427 1541 ζεσθαι,
458 1461 489 1526 οἵ
518 1484 595 1547 φασι
624 1462 696 1554 τρία
727 1464 822 1549 μόρια
854 1465 932 1532 είναι
954 1475 1014 1553 γῆν
1038 1479 1155 1552 πᾶσαν,
1186 1469 1345 1556 Εὐρώπην

304 1592 339 1636 τε
361 1572 416 1635 καί
438 1570 548 1657 Ἀσίην
572 1575 627 1636 καί
650 1573 779 1660 Λιβύην.

342 1763 346 1773 ⁹
409 1681 459 1746 16.
503 1682 657 1767 Quaein
682 1703 726 1747 cc.
748 1685 790 1747 49
815 1691 847 1748 et
869 1687 911 1748 50
931 1688 1014 1754 lIV
1038 1687 1081 1751 de
1103 1690 1188 1752 Istro
1213 1696 1246 1754 et
1268 1692 1345 1754 Nilo
1374 1695 1376 1700 '

304 1794 492 1858 fluminibus
522 1793 690 1876 dicuntur,
718 1795 928 1856 menifestum
960 1801 1010 1857 est
1039 1802 1191 1876 spectare
1221 1799 1264 1858 ad
1295 1816 1344 1878 ea,

305 1923 391 1988 quae
420 1904 454 1965 iu
478 1921 524 1966 cc.
546 1902 587 1966 33
612 1907 644 1965 et
667 1903 710 1964 34
733 1903 750 1965 l.
773 1902 807 1964 Π
837 1901 879 1964 de
909 1901 1034 1966 eisdem
1067 1903 1257 1966 fluminibus
1287 1922 1344 1966 ex-

304 2019 486 2097 ponuntur3
509 2011 598 2075 unde
612 2012 694 2075 item
710 2013 932 2098 consequitur,
955 2013 1081 2077 librum
1095 2013 1143 2076 IV
1161 2015 1343 2094 posteriore

305 2124 440 2187 demum
465 2129 615 2204 tempore
646 2142 748 2206 quern
774 2123 795 2186 l.
817 2123 850 2186 ll
872 2123 1030 2205 scripturn
1054 2142 1125 2188 esse
1147 2142 1250 2217 posse.
1283 2125 1344 2186 Ac·
1371 2165 1374 2172 »

305 2235 391 2297 cedit
413 2233 501 2317 quod
526 2234 629 2298 etiem
652 2252 701 2316 ee,
724 2234 869 2315 quaein
893 2253 937 2297 cc.
960 2235 1011 2318 32,
1026 2237 1078 2320 42,
1100 2232 1151 2320 39,
1176 2236 1246 2319 198,
1269 2235 1344 2296 aliis

304 2345 386 2408 locis
408 2344 487 2408 libri
504 2345 617 2426 quarti
640 2345 836 2428 referuntur,
860 2344 1108 2426 quodammodo
1131 2347 1282 2426 spectent
1305 2363 1345 2406 ea

304 2473 393 2536 quae
415 2455 501 2518 libro
524 2453 670 2517 secundo
693 2453 915 2519 continentur.

409 2567 460 2629 17.
504 2563 602 2648 Quod
624 2563 663 2628 Α.
684 2565 832 2629 Buuerus
854 2565 891 2644 (l.
914 2583 942 2630 a.
965 2585 994 2648 p.
1019 2566 1081 2628 lid
1102 2571 1187 2650 sqq.)
1211 2567 1343 2630 demon-
1412 2603 1413 2606 =

226 2671 228 2674 ’
305 2682 413 2742 strare
429 2676 571 2761 studens,
587 2675 794 2740 Herodotum
810 2676 1028 2740 rebellionem
1041 2678 1162 2740 Jonum
1179 2677 1344 2759 peculiari

305 2788 451 2872 quadarn
482 2787 618 2850 historio
648 2787 868 2870 descripsisse,
891 2805 982 2869 quae
1010 2789 1170 2851 aceteris
1200 2789 1344 2851 historiis

304 2899 461 2979 separata
490 2896 598 2979 fuerit,
628 2895 673 2957 ed
702 2895 751 2960 id,
768 2894 979 2976 probandum
1009 2915 1085 2959 cum
1115 2896 1182 2960 alia
1208 2900 1345 2959 tumea

305 3025 394 3090 queo
416 3006 528 3070 insunt
550 3005 584 3068 in
608 3024 653 3069 oc.
686 3006 737 3089 11,
760 3006 811 3090 23,
834 3007 875 3068 37
889 2995 892 3000 ’
906 3006 983 3071 libri
1014 3008 1128 3089 quarti
1151 3007 1256 3090 effert,
1285 3025 1344 3070 nos

306 3117 440 3200 quidem
457 3135 627 3180 assensum
641 3116 853 3178 retineamus.
896 3116 1016 3199 Neque
1038 3117 1125 3180 enim
1142 3135 1345 3200 quemquam

304 3225 641 3308 fugeritnosverbis
665 3229 850 3308 quaesunt
879 3226 910 3290 V
935 3227 992 3289 11:
1022 3224 1153 3309 Δαρεῖος
1176 3224 1212 3288 δὲ
1239 3270 1246 3285 .
1272 3271 1279 3286 .
1305 3271 1311 3285 .
1337 3271 1344 3286 .

305 3333 449 3420 ἐμνήσθη
472 3343 528 3419 τῆς
552 3332 759 3412 ἐξἹστιαίου
789 3354 834 3398 τε
864 3342 942 3397 τοῦ
966 3332 1198 3419 Μιλησίου
1229 3335 1345 3419 εὐερ-

305 3443 469 3530 γησίης
499 3446 683 3531 καὶτῆς
714 3444 1024 3530 παραινέσιος
1053 3443 1345 3530 τοῠΜυτιλη-

305 3554 440 3620 ναίου
463 3553 621 3636 Κώειυ,
651 3559 777 3620 remitti
801 3562 833 3621 et
856 3557 899 3620 ud
922 3558 970 3622 IV
995 3557 1056 3620 137
1087 3557 1143 3620 ubi
1167 3557 1345 3639 quominus

305 3685 387 3752 pons
417 3685 438 3728 e
464 3667 574 3730 Dareo
604 3666 639 3728 in
669 3666 754 3730 Istro
784 3667 919 3730 flumine
948 3667 1073 3747 positus
1103 3666 1346 3730 rescinderetur

305 3775 449 3840 Histieei
471 3776 633 3839 sententio
654 3775 849 3857 impeditum
873 3795 944 3841 osse
967 3780 1123 3840 narretur
1140 3812 1178 3822 —
1195 3776 1243 3838 ite
1258 3778 1344 3840 enim

305 3886 366 3949 nisi
392 3903 445 3948 res
468 3903 539 3948 sese
563 3886 710 3971 haberet,
739 3887 843 3950 verba
865 3905 951 3968 quae
977 3890 1053 3949 sunt
1075 3893 1130 3969 τῆς
1153 3931 1237 3946 ....
1260 3885 1345 3968 edep—
1379 3969 1380 3976 ρ

308 3993 417 4079 γησίης
441 4014 503 4059 nou
526 4000 606 4060 satis
629 4001 747 4079 aperta
770 3996 812 4058 ad
834 3996 1092 4078 intellegendum
1118 4003 1224 4059 essent
1248 4033 1290 4042 —-
1314 4000 1347 4059 et
