3176 4886
816 241 861 304 34

760 329 914 342 *η-

315 413 442 492 pautias
465 411 639 497 quasdam,
662 433 744 496 quas
760 415 949 480 invenimus
972 415 1005 477 in
1028 415 1121 478 libris
1146 416 1228 494 eius,
1250 436 1314 481 uon
1338 437 1357 481 e

317 519 429 585 medio
453 521 585 585 tolleret
607 528 666 586 aut
689 543 776 606 quae
800 526 968 609 pollicitus
992 529 1050 609 est,
1079 542 1144 589 nou
1168 545 1275 610 usque
1297 531 1356 591 im-

314 629 431 714 pleret.
477 631 590 694 Facile
620 633 709 696 enim
742 634 926 718 intellegas,
954 636 982 699 si
1005 633 1168 700 Herodoti
1197 636 1358 700 historiae

316 740 381 802 ista
404 758 506 822 quam
537 741 588 803 illi
613 741 730 805 volunt
758 746 888 808 ratione
915 745 1085 810 confectae
1108 749 1223 829 esseut,
1253 747 1355 821 Hero·
1397 775 1400 780 2

315 847 430 912 dotum
453 867 510 914 eas
533 855 741 915 retexentem
770 855 902 933 penitus
933 856 1122 938 perspicere
1145 863 1179 919 et
1200 844 1356 938 recogno-

314 977 407 1023 scere
431 958 596 1043 debuisse,
627 966 663 1024 ut
686 961 816 1050 videret
850 963 1080 1028 additamenta
1112 985 1172 1028 sua
1202 971 1235 1031 et
1264 967 1353 1031 locos

315 1070 462 1152 legentes
494 1074 561 1136 hue
584 1073 638 1136 vel
668 1072 751 1137 illuc
773 1073 949 1156 delegandi
981 1093 1083 1140 cansa
1105 1083 1265 1159 ascriptos
1288 1096 1354 1161 quo

315 1197 485 1263 quemque
501 1182 573 1245 loco
589 1181 714 1246 addere
731 1183 884 1266 deberet3
909 1182 995 1248 uude
1010 1186 1081 1248 sine
1099 1184 1204 1251 dubio
1227 1189 1351 1252 factum

261 1359 269 1381 .
315 1295 409 1372 esset,
431 1295 467 1354 nt
491 1289 731 1373 discrepantias
755 1292 830 1356 illas
853 1298 887 1357 et
909 1295 1126 1378 repetitiones
1155 1313 1270 1358 rerum
1294 1298 1354 1360 tol-

314 1398 428 1462 lendas
458 1400 753 1466 animadversurus
785 1397 818 1466 et
848 1422 884 1468 re
913 1422 995 1468 vera
1024 1407 1215 1471 sublaturus
1245 1406 1354 1470 fuerit.
1404 1474 1407 1480 ,

314 1507 403 1572 Nam
432 1511 502 1574 sine
533 1510 660 1576 iudicio
694 1518 796 1597 atque
827 1514 964 1578 consilio
996 1515 1097 1580 libros
1127 1533 1203 1578 suos
1233 1520 1354 1580 retrac-

314 1623 401 1682 tasse
424 1619 641 1704 Herodotum,
673 1626 708 1684 ut
731 1623 770 1686 A.
794 1623 942 1688 Ronanus
972 1625 1009 1704 (l.
1030 1643 1059 1689 a.
1088 1644 1118 1704 p.
1148 1625 1189 1688 38
1219 1631 1251 1688 et
1276 1627 1354 1705 106)

304 1709 433 1813 censet,
454 1717 517 1792 hoo
540 1731 616 1812 quis
639 1736 688 1795 est
711 1732 771 1814 qui
795 1731 941 1796 credet?

270 1879 289 1962 ,θ
418 1836 516 1921 Quod
539 1817 726 1904 Herodotus
754 1858 806 1904 res
837 1841 880 1902 ab
905 1839 1049 1918 Assyriis
1071 1843 1187 1920 gestas,
1214 1855 1295 1920 quas
1317 1855 1352 1899 se

315 1953 549 2014 enarraturum
577 1967 648 2013 esse
671 1949 704 2011 iu
727 1967 772 2012 cc.
797 1946 859 2011 106
883 1952 915 2011 et
939 1936 1272 2028 1841.Ipollicitus
1296 1949 1353 2029 est,

260 2056 281 2159 ξ’
314 2076 378 2122 non
409 2059 513 2122 literis
543 2058 727 2144 mandavit,
759 2077 839 2122 sane
872 2058 959 2122 haud
989 2058 1058 2122 scio
1088 2076 1130 2121 an
1160 2073 1224 2120 uon
1253 2054 1353 2118 liceat

254 2161 267 2270 ᾗ
314 2169 408 2232 uobis
431 2187 563 2233 sumere
586 2169 625 2234 A.
647 2167 886 2252 Kirchhoffium
916 2171 951 2248 (l.
978 2189 1008 2233 a.
1030 2170 1119 2252 p.15)
1149 2172 1182 2232 et
1205 2166 1240 2232 0.
1264 2166 1353 2232 Naz-

314 2276 434 2342 schium
465 2278 503 2357 (l.
533 2297 561 2343 a.
591 2299 620 2360 p.
648 2280 705 2357 16]
736 2280 865 2361 secutis,
894 2279 1102 2344 Herodotum
1131 2297 1187 2342 eas
1217 2295 1354 2340 narrare

314 2388 511 2471 simpliciter
535 2389 677 2454 oblitum
703 2407 783 2453 esse.
828 2389 965 2453 Rectius
997 2391 1084 2454 unde
1113 2389 1238 2453 factum
1261 2391 1354 2470 esset,

315 2503 353 2562 nt
387 2497 578 2562 Herodotus
611 2497 701 2580 qnod
734 2499 768 2561 iu
802 2498 888 2562 libro
918 2499 935 2561 I
964 2500 1131 2581 pollicitus
1161 2501 1256 2576 esset,
1290 2513 1354 2560 non

314 2605 515 2688 praestiterit
537 2599 622 2668 inihi
645 2605 687 2670 K.
716 2605 764 2672 W.
787 2607 967 2672 Nitaschius
998 2608 1035 2688 (l.
1059 2627 1087 2671 a.
1110 2629 1141 2690 p.
1163 2607 1243 2688 239)
1265 2603 1354 2669 vide·

315 2722 370 2780 tur
391 2719 627 2799 interpretetus
651 2735 731 2800 esse,
755 2718 813 2800 qui
837 2717 929 2782 dicit:
955 2715 1008 2802 „Si
1024 2718 1131 2780 altera
1147 2734 1225 2800 pars
1242 2717 1352 2800 operis

316 2823 478 2888 Herodoti
501 2822 544 2885 ab
569 2843 597 2886 a.
619 2822 871 2908 431-428s427
894 2825 998 2908 idque
1013 2823 1151 2888 Athenis
1168 2822 1353 2907 conscripta

318 2939 374 3021 est,
404 2952 539 3018 prorsus
572 2934 638 2997 alia
669 2940 859 3020 temporum
888 2937 1018 2998 ratione
1048 2953 1150 3018 quam
1174 2933 1233 2996 illa
1262 2933 1353 3017 prior

315 3048 434 3108 exorta
456 3047 513 3107 est.
534 3078 578 3088 —
608 3042 768 3108 Extremo
800 3044 889 3107 enim
915 3043 1086 3127 decennio,
1116 3062 1182 3127 qno
1206 3041 1353 3106 Pericles

313 3148 560 3232 rempublicam
593 3147 851 3212 Atheniensium
884 3147 1150 3232 administrabat,
1188 3166 1255 3210 una
1291 3163 1352 3229 res,

313 3258 334 3322 i.
357 3275 385 3320 e.
406 3258 567 3344 simultas,
589 3260 623 3322 in
646 3277 713 3342 qua
736 3257 958 3322 Athenienses
982 3275 1058 3320 oum
1082 3255 1353 3320 Lacedaemoniis
1456 3332 1460 3339 Ι

314 3372 424 3451 erant,
456 3369 607 3432 oninium
640 3367 846 3432 Graecorum
879 3369 1007 3431 animos
1041 3368 1148 3449 magis
1181 3367 1355 3448 magisque

314 3477 511 3560 exereehct3
542 3495 608 3560 quo
638 3478 766 3541 factum
796 3457 849 3542 est¹
883 3481 920 3541 ut
950 3475 1137 3540 Herodotus
1166 3475 1354 3539 narratione

313 3585 380 3651 alio
403 3585 534 3651 deflexa
556 3605 639 3671 opus
654 3607 753 3650 suum
769 3588 803 3650 in
819 3587 888 3650 dies
905 3588 1159 3671 approperaret,
1183 3588 1219 3647 ut
1240 3581 1370 3648 rerum

313 3697 356 3762 ab
381 3697 526 3778 Assyriis
549 3700 719 3778 gestarum
741 3697 873 3761 ratione
887 3713 953 3759 non
968 3695 1086 3758 hahita
1105 3692 1355 3779 expeditionem

313 3807 469 3870 aDareo
491 3807 527 3869 in
549 3805 694 3888 Scythas
716 3809 907 3890 susceptam
938 3807 971 3868 et
994 3803 1211 3868 rebellionem
1233 3800 1355 3864 Jonum

312 3922 507 3998 persecutus
531 3934 633 4000 quam
657 3915 833 3979 celerrime
855 3915 1084 3979 narrationem
1106 3930 1203 3977 suam
1224 3911 1260 3974 in
1281 3910 1355 3995 ipsa
