3176 4886
338 1491 376 1554 A.
401 1480 626 1574 'Kirchhosflus
641 1489 676 1574 ¹),
708 1489 862 1552 historias
896 1506 973 1551 suas
1003 1505 1070 1570 quo
1101 1503 1271 1568 quamque

234 1606 384 1682 tempore
404 1601 642 1684 composuisset
658 1599 857 1683 HerodotuS,
874 1602 1092 1680 'perscrutans
1111 1597 1272 1660 nimirum

234 1711 266 1774 id
283 1711 371 1798 quod
387 1731 431 1776 ex
446 1713 520 1798 ipsa
535 1731 571 1776 re
587 1711 722 1774 videtur
739 1710 907 1794 consequi,
929 1726 989 1790 pro
1012 1712 1103 1771 certo
1127 1708 1275 1789 sumpsit,

235 1819 439 1885 Herodotum
466 1823 535 1884 iam
561 1819 641 1884 inde
664 1839 685 1884 e
709 1819 872 1903 principio
895 1818 939 1882 ad
962 1823 1088 1882 certam
1111 1818 1275 1880 rationem

233 1933 267 1992 et
288 1934 463 2014 tamquam
486 1935 594 1996 artem
616 1949 700 2014 opus
724 1949 824 1993 suum
849 1929 1021 2014 direxisse,
1043 1930 1090 1991 ite
1114 1931 1150 1990 ut
1173 1928 1273 1990 etiam

236 2057 275 2100 ea
306 2059 392 2122 quae
423 2060 482 2124 per
514 2041 699 2122 digressum
731 2039 845 2103 addita
876 2045 984 2102 essent
1014 2042 1185 2124 spectaret,
1220 2037 1276 2100 vel

238 2147 326 2228 quod
348 2149 438 2210 idem
456 2153 514 2232 est,
536 2151 642 2212 libros
657 2168 733 2213 suos
749 2150 869 2214 eodem
885 2167 986 2232 quem
1003 2167 1088 2212 nunc
1111 2149 1276 2212 hebemus

237 2255 351 2319 ordine
374 2259 528 2341 serieque
553 2259 786 2322 conscriberet.
830 2258 1036 2342 Quaestione
1057 2260 1105 2322 ita
1127 2259 1278 2322 instituta

236 2381 312 2426 oum
343 2366 411 2426 iam
442 2366 488 2428 eis
520 2366 608 2450 locis,
639 2367 762 2450 quibus
792 2367 984 2432 Herodotus
1015 2386 1127 2431 rerum
1158 2367 1277 2431 eodem

235 2477 385 2559 tempore
417 2492 485 2558 quo
514 2476 547 2538 in
578 2475 673 2541 libris
703 2478 771 2540 suis
803 2478 1001 2542 versabatur
1031 2477 1277 2540 conscribendis

235 2591 405 2664 gestarum
435 2586 637 2649 mentionem
671 2588 766 2670 facit,
800 2587 993 2668 assumptis,
1026 2604 1093 2668 quo
1128 2590 1278 2669 tempore

235 2693 381 2774 singulas
412 2697 525 2774 partes
548 2694 767 2757 historiarum
800 2713 936 2757 suarum
959 2694 1197 2778 composuisset
1219 2694 1278 2757 ille

237 2800 383 2886 quidem,
418 2805 607 2866 accuratius
642 2802 782 2866 definire
814 2803 964 2867 studeret
999 2803 1038 2868 A.
1069 2802 1276 2888 Kirohosfius,

236 2907 312 2971 inde
333 2913 432 2973 acute
454 2911 692 2994 eleganterque
715 2911 885 2996 conclusit,
910 2913 1114 2978 Herodotum
1132 2912 1237 2977 libros
1260 2913 1277 2976 Ι

237 3020 270 3080 et
285 3018 318 3081 ΙΙ
334 3023 367 3081 et
382 3022 492 3100 priore
508 3023 572 3084 119
588 3023 699 3103 capita
714 3022 796 3085 libri
810 3023 861 3086 III
877 3024 920 3086 ab
937 3039 1022 3086 anno
1046 3022 1110 3084 449
1133 3023 1189 3086 vel
1211 3022 1276 3086 445

237 3128 407 3210 usquead
432 3149 555 3193 annum
573 3131 636 3194 443
659 3133 806 3216 Athenis,
830 3151 917 3216 quae
939 3131 1072 3213 reliqua
1096 3136 1172 3220 sunt
1195 3132 1276 3197 libri

237 3239 328 3300 tertii
358 3247 390 3302 et
419 3240 543 3303 librum
572 3242 619 3306 IV
650 3246 683 3304 et
706 3243 819 3324 priora
842 3242 882 3303 76
913 3241 1023 3322 capite
1046 3239 1066 3302 1.
1090 3241 1121 3307 V
1144 3232 1279 3306 Thuriis

237 3347 280 3408 ab
303 3365 388 3411 enno
410 3347 474 3410 443
498 3348 670 3432 usquead
693 3369 722 3414 a.
743 3351 818 3435 432,
848 3354 958 3413 cetera
984 3351 1095 3414 onmia
1119 3369 1208 3435 quae
1230 3369 1278 3413 se-

237 3460 387 3537 quantur
402 3458 445 3536 ab
461 3445 572 3523 hieme
587 3479 615 3522 a.
629 3456 775 3542 4311430
798 3478 906 3542 usque
929 3459 970 3524 ad
995 3479 1024 3524 a.
1046 3461 1110 3525 428
1134 3460 1278 3524 Athenis

238 3566 475 3646 conscripsisse.
785 3569 789 3578 '

343 3757 365 3826 ¹)
403 3755 467 3808 Ueb.
494 3757 519 3808 d.
545 3757 774 3826 Absassungszeit
798 3757 823 3809 d.
849 3756 951 3810 Herod.
980 3756 1175 3811 Geschichtsw.
1203 3756 1276 3809 Abh.

238 3845 263 3898 d.
281 3847 308 3899 k.
326 3849 376 3900 Ac,
393 3847 417 3898 d.
430 3847 510 3901 Wiss.
529 3849 545 3900 i.
564 3849 657 3901 Berlin
675 3849 752 3918 1868,
771 3849 838 3916 phil.
854 3849 917 3902 hist.
932 3849 985 3920 et,
1005 3849 1028 3900 2.
1041 3849 1116 3901 Auss.
1131 3848 1206 3917 1878,
1226 3849 1278 3899 mit

238 3953 259 3988 e.
283 3936 405 4006 Anhang
429 3937 475 3990 ub.
500 3937 545 3990 Hs.
569 3940 734 3992 Aufenthalt
758 3941 777 3992 i.
799 3938 913 4009 Sparta,
941 3943 968 3992 et
993 3937 1198 4004 nachtragliche
1229 3936 1280 3988 Be-

239 4029 412 4098 merhungen
431 4030 510 4099 dazu,
528 4030 633 4084 ibidem
649 4032 725 4085 1871.
