3176 4886
721 283 875 384 Q

279 457 336 532 (so.
368 454 405 518 ἐκ
435 462 491 538 της
522 451 653 538 Μοίριος
685 455 795 540 λίμνης
827 458 858 532 ἐς
889 460 942 520 τὸν
972 455 1114 540 Νεῖλον),
1144 458 1165 542 ἡ
1194 459 1230 524 δὲ
1252 460 1323 524 τότε

277 565 350 638 τοὺς
381 563 415 642 ἓξ
443 572 543 648 μῆνας
573 564 605 640 ἐς
633 567 669 627 τὸ
702 565 867 651 βασιλήιον
900 566 1098 655 καταβάλλει
1130 567 1180 632 ἐπ’
1201 569 1321 654 ημὲρην

279 670 415 756 ἑκάστην
447 673 603 739 τάλαντον
639 674 793 760 ἀργυρίου
828 678 866 742 ἐκ
897 686 958 741 τῶν
991 677 1122 765 ἰχθύων,
1160 679 1256 744 ἐπεὰν
1288 679 1323 744 δὲ

279 780 347 866 ἐσίη
370 785 406 846 το
430 781 516 868 ὕδωρ
540 784 572 860 ἐς
595 783 703 868 αὐτήν,
729 785 830 850 εἴκοσι
853 784 959 870 μνέας.

385 926 435 989 11.
480 925 577 1010 Quod
608 928 798 993 Herodotus
829 933 862 994 in
892 950 918 995 o.
949 933 1010 994 152
1042 933 1061 994 l.
1093 934 1144 998 111
1173 936 1322 998 Dareum

164 1030 168 1036 ⁴
281 1035 486 1118 Babylonem
503 1055 700 1117 expugnare
716 1056 780 1101 non
798 1041 943 1123 potuisse
959 1039 1040 1103 dicit
1056 1040 1178 1105 additis
1195 1043 1323 1108 verbis:

280 1142 354 1208 ἀλλ’
377 1143 444 1206 οὐδ’
467 1145 510 1220 ὣς
533 1144 666 1208 ἐδύνατο
691 1145 775 1210 ἑλεῖν
802 1168 909 1232 σφεας,
941 1127 1069 1212 ἄλλοισί
1093 1170 1127 1213 τε
1152 1151 1324 1236 σοφίσμασι

280 1254 518 1339 πειρησάμενος,
548 1257 605 1318 καί
628 1254 675 1339 δὴ
708 1257 778 1319 καί
809 1266 859 1343 τῷ
890 1256 1025 1343 Κῦρος
1057 1259 1143 1324 είλὲ
1181 1282 1322 1345 σιρεας,

280 1363 349 1425 καί
383 1361 511 1447 τούτῳ
546 1363 769 1450 ἐπειρήθη,
806 1368 889 1430 liaeo
920 1369 1027 1432 verba
1059 1369 1140 1453 quid
1171 1371 1324 1436 valerent

281 1474 355 1555 quis
378 1473 597 1558 intellegeret,
620 1475 682 1536 nisi
697 1475 731 1537 in
747 1494 773 1538 o.
790 1475 849 1538 191
869 1477 888 1538 l.
903 1477 920 1538 I
935 1483 1071 1541 narrata
1094 1483 1203 1542 essent
1227 1481 1323 1543 haec:

278 1581 333 1643 τὸν
350 1582 412 1665 γὰρ
429 1583 572 1664 ποταμὸν
590 1579 725 1666 διώρυχι
740 1582 911 1666 ἐσαγαγὼν
936 1585 968 1659 ἐς
990 1589 1046 1667 την
1070 1585 1181 1669 λίμνην
1206 1587 1322 1651 ἐοῦσαν

281 1688 362 1767 ἕλος,
396 1691 432 1752 τὸ
463 1690 599 1774 ἀρχαῖον
634 1687 767 1772 ῥέεθρον
803 1690 951 1776 διαβατὸν
986 1692 1065 1753 είναι
1098 1691 1227 1774 ἐποίησε
1263 1697 1323 1770 [so.

282 1794 413 1882 Κῦρος),
440 1797 718 1882 ὑπονοστήσαντος
740 1805 796 1860 τοῦ
819 1805 975 1880 ποταμοῦ.
999 1795 1171 1880 γενομένου
1196 1797 1230 1860 δὲ
1253 1799 1321 1859 τοὺ-

281 1929 337 1972 του
360 1907 513 1988 τοιούτου,
539 1906 568 1970 ot
583 1904 704 1991 Πὲρσαι
728 1906 819 1990 οἵπερ
844 1904 1017 1990 ἐτετάχατο
1041 1905 1090 1970 ἐπ’
1113 1906 1198 1989 αὐτῷ
1220 1905 1320 1990 τούτῳ

283 2063 290 2078 .
315 2064 321 2078 .
347 2063 354 2079 .
378 2017 508 2102 ἐσηισαν
533 2017 564 2094 ἐς
588 2019 644 2099 τὴν
668 2013 872 2103 Βαβυλῶναί

387 2163 438 2226 12.
485 2163 598 2227 Verba
620 2180 708 2246 quae
731 2163 862 2224 suntin
887 2180 913 2224 o.
937 2163 999 2225 123
1017 2162 1036 2226 l.
1052 2162 1119 2227 IV:
1142 2168 1185 2244 τῷ
1210 2158 1323 2244 ξυλίνῳ

281 2267 387 2356 τείχεϊ,
411 2288 475 2334 non
498 2277 591 2334 recte
614 2269 969 2353 comprehenderemus
999 2278 1119 2356 mente,
1152 2273 1214 2335 nisi
1237 2273 1323 2334 muri

281 2381 386 2466 lignei
409 2381 498 2444 illius
522 2381 592 2444 iam
615 2381 901 2462 supraino.108
925 2381 1074 2444 eiusdem
1098 2381 1176 2444 libri
1201 2382 1323 2444 mentio

283 2495 368 2557 lacta
399 2495 492 2576 esset,
523 2493 579 2556 ubi
610 2491 690 2554 dioit
719 2490 928 2556 Herodotus:
958 2489 1050 2566 πόλις
1083 2488 1118 2552 δὲ
1147 2489 1179 2552 ἐν
1203 2489 1324 2552 αὐτοῖσι

283 2604 342 2681 (sc.
356 2603 389 2666 in
405 2599 559 2682 Budinis)
580 2598 771 2664 πεπόλισται
786 2598 895 2683 ξυλίνη
912 2598 982 2663 κτλ.
1028 2601 1187 2664 Attamen
1210 2619 1324 2684 quam-

284 2731 386 2795 quam
415 2713 464 2774 ita
494 2730 547 2775 res
577 2730 649 2775 sese
680 2711 799 2798 habet,
836 2717 1015 2794 utrumque
1046 2710 1156 2773 looum
1189 2710 1324 2772 alterius

282 2825 411 2886 ratione
440 2840 505 2886 non
536 2820 650 2885 habita
677 2825 836 2904 scriptum
867 2840 939 2885 esse
966 2822 1082 2884 statuit
1112 2820 1152 2885 A.
1175 2819 1326 2884 Bauerus

283 2913 609 3016 stamfflmw

387 3086 437 3148 13.
481 3083 580 3167 Quod
604 3083 792 3147 Herodotus
819 3086 852 3146 in
877 3102 903 3146 o.
928 3083 989 3146 172
1013 3082 1034 3148 1.
1056 3083 1104 3148 IV
1128 3099 1237 3145 mores
1260 3080 1326 3143 Na-

283 3209 456 3256 samonum
487 3175 726 3258 desoribit'his
753 3191 864 3254 verbis
895 3189 1034 3254 additis:
1064 3193 1219 3272 γυναῖκας
1242 3184 1325 3270 νομί-

283 3297 391 3376 ζοντες
412 3298 537 3376 πολλὰς
561 3301 645 3387 ἔχειν
670 3301 805 3376 ἕκαστος
836 3297 996 3363 ἐπίκοινον
1020 3295 1145 3368 αιίτὲιυνΙ
1165 3302 1221 3382 τὴν
1246 3294 1325 3380 μίξιν

284 3416 445 3473 ποιεῦνται
477 3409 630 3494 τρόπῳ
667 3407 979 3493 παραπλησίῳ
1016 3415 1071 3493 τῷ
1107 3407 1183 3470 καί
1218 3403 1326 3469 Μασ-

284 3542 305 3584 α
320 3518 498 3604 σγὲται,
523 3522 601 3584 huie
623 3500 851 3585 additamento
875 3523 932 3600 (so.
954 3525 998 3603 τῷ
1022 3518 1078 3580 καί
1100 3514 1326 3601 Μασσαγέται)

249 3649 257 3656 ·
285 3630 555 3714 quaesententia
570 3630 765 3694 subicienda
787 3634 881 3714 esset,
904 3647 1025 3711 parum
1048 3627 1325 3708 intellegeremus,

284 3741 349 3804 nisi
371 3742 518 3805 tamine.
541 3738 604 3805 216
620 3740 673 3804 l.I
694 3738 736 3803 de
752 3740 947 3822 Massagetis
970 3740 1095 3822 scripta
1118 3741 1225 3800 esseut
1249 3753 1325 3799 eum

285 3852 446 3916 aliatum
469 3852 567 3915 haee:
591 3853 730 3933 γυναῖκα
755 3850 809 3932 μὲν
835 3846 946 3933 γαμέει
970 3847 1113 3925 ἕκαστος,
1136 3843 1269 3928 ταύτησι
1292 3842 1328 3906 δὲ
1447 3867 1449 3874 ’

285 3957 430 4023 ἐπίκοινα
453 3957 620 4045 χρὲωνται.
