3176 4886
744 263 899 360 *lh—

310 435 1157 522 [1111119581ἮΙΙ81,α1Χ101·α(1ΙΧ57,
1186 436 1227 501 ad
1252 442 1342 502 antc-

306 543 457 608 cedentia
486 546 589 626 igitur
617 563 677 610 nos
708 551 849 630 revocat,
880 545 967 628 qnod
990 548 1024 608 in
1046 547 1096 610 III
1118 548 1169 632 61,
1195 547 1246 610 HI
1271 548 1342 634 106,

305 657 352 722 IV
375 657 427 742 44,
450 657 476 721 V
502 660 553 743 89,
576 657 639 722 VII
665 657 726 722 154
755 659 899 742 aliisque
928 659 1010 723 locis
1032 661 1099 723 iam
1122 679 1223 744 supra
1245 679 1342 725 acen·

305 767 410 830 ratius
433 767 524 832 dicta
545 769 778 833 reminiscendi
809 787 909 831 causa
938 768 999 832 sub
1023 774 1193 853 aspectum
1215 771 1344 858 subicit,

307 876 397 959 quod
421 876 565 960 deniqne
595 879 628 942 in
659 896 704 941 cc.
727 878 790 940 106
820 881 853 940 et
876 877 982 941 1841.
1004 873 1021 937 I
1053 897 1105 943 res
1128 880 1170 943 ab
1194 880 1343 963 Assyriis

306 991 425 1072 gestas,
454 989 488 1049 in
519 1006 545 1051 c.
576 989 638 1051 213
668 987 688 1049 1.
711 986 778 1050 VII
807 1006 875 1069 qua
905 987 946 1050 de
976 1005 1076 1051 causa
1105 988 1277 1073 Ephialtes
1299 992 1342 1057 ab

306 1093 483 1157 Athenadc
513 1095 705 1158 interfectus
735 1095 787 1178 sit,
816 1100 932 1180 postea
960 1114 996 1159 se
1025 1103 1240 1162 narraturum
1271 1117 1343 1164 esse

306 1202 493 1287 pollicetur,
515 1223 718 1287 quamquam
743 1225 829 1289 quae
844 1206 897 1269 his
918 1206 999 1270 locis
1021 1206 1185 1287 pollicitus
1208 1215 1257 1273 est
1279 1228 1343 1274 nou

306 1317 454 1395 praestat
484 1313 518 1376 iu
549 1331 651 1396 opere
675 1316 764 1398 quod
788 1335 876 1380 nunc
899 1320 1021 1380 exstat:
1050 1315 1227 1382 dicendum
1249 1322 1343 1385 nohis

308 1425 366 1504 est,
381 1438 494 1484 omnes
511 1421 586 1486 illos
603 1423 701 1510 locos,
724 1425 845 1508 quibus
860 1425 1008 1508 legentes
1027 1425 1069 1489 ad
1092 1428 1264 1509 sequentia
1287 1434 1345 1493 ant

307 1528 351 1592 nd
374 1531 604 1594 antecedentia
627 1531 835 1619 delegantur,
865 1554 1037 1617 nunquam
1066 1537 1127 1598 nisi
1154 1541 1222 1599 tum
1246 1539 1344 1619 scrip-

305 1641 356 1700 tos
387 1654 458 1701 esse
489 1641 630 1722 cogitari
660 1659 764 1725 posse,
798 1660 876 1704 cum
909 1641 1099 1706 Herodotus
1132 1661 1215 1726 opus
1245 1664 1343 1708 sunm

308 1751 413 1810 totum
442 1752 669 1833 componebat,
700 1767 764 1814 uon
794 1769 870 1814 cum
902 1751 1055 1813 historias
1077 1768 1153 1812 snas
1176 1755 1274 1813 antea
1295 1771 1344 1815 se-

307 1859 450 1937 paratim
482 1865 656 1943 conceptas
685 1861 773 1922 inter
802 1877 838 1922 se
869 1862 1040 1922 conectens
1069 1857 1179 1922 denuo
1201 1862 1344 1943 pertrac-

307 1968 408 2031 tabat.
445 1968 531 2032 Nam
548 1969 575 2032 si
592 1987 629 2032 re
644 1987 727 2032 vcra
741 1972 953 2032 retractasset
968 1967 1072 2031 libros
1094 1984 1180 2051 suos,
1202 1968 1342 2031 dubium

307 2093 372 2140 non
401 2082 458 2164 est,
488 2078 569 2161 quin
599 2078 756 2143 molestas
782 2077 995 2160 repetitiones
1026 2097 1140 2141 rerum
1162 2096 1202 2140 ac
1226 2077 1345 2141 discre-

307 2187 439 2271 pantias
456 2207 543 2270 quae
554 2208 640 2253 nnnc
656 2189 770 2274 pluras
785 2190 1007 2274 inveniuntur,
1022 2187 1217 2251 sublaturus
1231 2187 1346 2272 fucrit,

308 2299 505 2377 praesertim
528 2317 602 2362 cum
626 2299 711 2362 illud
732 2301 759 2363 si
781 2318 902 2383 sumas,
929 2299 1029 2362 simul
1052 2299 1116 2361 hoc
1147 2315 1269 2381 ponere
1293 2297 1347 2360 dc-

310 2405 398 2490 beas,
429 2425 507 2470 eum
540 2411 644 2472 totam
674 2427 839 2470 summam
868 2412 901 2471 ct
931 2407 1081 2471 ordinem
1107 2408 1346 2470 sententiarum

310 2517 572 2601 uniuscuiusque
590 2519 806 2582 historiarum
830 2518 934 2601 partis
956 2517 1088 2599 penitus
1107 2505 1281 2598 cognitum
1293 2517 1347 2579 ha·

311 2627 431 2690 buisse.

415 2738 491 2801 Jam
514 2757 594 2804 vero
625 2757 738 2803 omnes
763 2739 839 2822 loci,
869 2743 1008 2822 excepto
1039 2755 1078 2801 eo
1108 2739 1166 2819 qui
1195 2739 1299 2800 estin
1323 2757 1349 2800 c.

313 2848 472 2933 161].ΙΙ,
495 2849 617 2931 quihus
637 2855 694 2912 aut
717 2850 758 2913 ad
775 2848 1007 2913 antecedentia
1030 2852 1088 2911 ant
1110 2845 1153 2910 ad
1177 2849 1350 2930 sequentia

314 2959 517 3044 detegamur,
538 2960 637 3022 nimis
661 2959 763 3042 ampli
782 2964 883 3042 atque
906 2963 973 3021 tam
997 2959 1074 3041 vagi
1096 2961 1181 3034 suut,
1202 2959 1239 3018 'ut
1260 2975 1351 3038 pror-

314 3087 368 3132 sus
397 3071 600 3155 negaverim,
633 3068 839 3134 Herodotum
874 3073 942 3131 tam
975 3069 1127 3132 universe
1156 3065 1266 3130 dicere
1296 3084 1351 3147 po-

314 3179 418 3242 tuisse
450 3178 500 3242 vel
538 3178 709 3242 dicturum
742 3179 858 3263 fuisse,
899 3179 925 3240 si
957 3176 1104 3259 singulas
1135 3174 1352 3237 historiarum

315 3308 450 3352 suarum
474 3294 585 3370 partes
608 3291 674 3352 iam
690 3289 844 3353 omnibns
859 3287 1004 3352 numeris
1027 3285 1197 3350 absolutas
1220 3284 1354 3347 habuis-

314 3405 363 3464 set
385 3401 431 3462 ita
455 3405 489 3463 ut
513 3418 569 3462 cas
600 3399 829 3463 tantummodo
858 3399 945 3461 inter
974 3415 1009 3460 sc
1032 3395 1232 3476 coniungere
1256 3391 1355 3456 debe-

315 3514 375 3575 ret.
420 3510 473 3574 Illi
498 3526 578 3572 vero
601 3509 676 3592 loci,
706 3510 826 3590 quihus
849 3507 893 3571 ad
924 3525 965 3570 ea
986 3524 1073 3588 quac
1094 3507 1280 3587 sequuntur
1301 3503 1354 3565 de·

267 3681 271 3686 .
289 3623 480 3708 ,legamun
502 3619 586 3682 mihi
601 3617 736 3701 quidem
754 3617 917 3681 eiusmodi
931 3615 1087 3678 videntur
1102 3631 1182 3698 csse,
1205 3617 1242 3676 ut
1258 3613 1356 3693 plana

317 3749 382 3796 non
405 3730 545 3794 dubium
570 3747 641 3794 esse
663 3733 776 3812 putem
809 3728 890 3810 quin
913 3727 1026 3809 scripti
1056 3726 1128 3810 sint,
1157 3725 1354 3807 priusquam

318 3843 394 3926 loci,
417 3841 458 3906 ad
475 3858 558 3923 quos
573 3858 783 3930 revocamur,
800 3837 906 3900 literis
922 3835 1104 3918 consignati
1119 3839 1243 3916 essent3
1266 3831 1357 3914 quod

318 3952 524 4036 apertissime
548 3954 641 4034 patet
664 3969 708 4013 cx
731 3949 803 4012 loco
827 3947 885 4030 qui
907 3951 956 4010 est
979 3947 1014 4009 in
1038 3964 1063 4008 c.
1087 3946 1148 4008 161
1174 3943 1195 4006 l.
1217 3942 1265 4006 II:
1289 3939 1358 4004 ἐπεὶ
