3176 4886
731 275 887 378 —12-

293 451 468 531 postquam
500 449 533 512 in
563 449 757 536 Aegyptum
787 452 853 516 iter
880 454 968 538 iecit,
997 455 1066 517 tum
1097 452 1232 518 demum
1263 459 1332 521 tam

293 560 469 643 perspicue
491 559 685 626 describere
702 563 862 646 potuisse;
892 564 950 628 ubi
978 563 1067 628 enirn
1089 566 1255 628 terrarum
1280 585 1333 649 ση-

293 663 371 751 μήια
393 669 453 734 illa
476 669 556 754 Apis
578 670 641 736 nisi
665 673 738 755 ipsa
759 673 793 736 in
810 674 963 755 Aegypto
983 691 1179 756 cognoscere
1201 677 1332 758 potuit?
1397 713 1399 718 ·

291 779 350 842 nisi
374 780 458 844 forte
488 783 586 865 putas
617 790 695 846 eum
724 782 818 845 illum
849 782 959 848 locum
987 801 1031 847 ex
1053 783 1216 850 Hecataei
1244 784 1331 850 libro

290 887 351 970 qui
372 889 548 970 inscriptus
569 894 646 953 eret
668 887 816 973 περίοδος
839 897 898 974 γῆς
921 893 1086 978 repetiise.
1129 893 1169 960 A.
1185 893 1331 960 Baacrus

293 997 430 1081 quidem
453 999 611 1063 nimirum
635 1005 745 1064 censet
768 1001 824 1080 (of.
839 1001 859 1066 1.
874 1020 904 1065 a.
922 1023 952 1085 p.
967 1001 1026 1083 82)
1048 1003 1172 1068 librum
1196 1007 1330 1070 tertium

290 1126 362 1170 csse
378 1112 609 1192 retractatum,
632 1112 810 1192 postquam
827 1109 1018 1177 Herodotus
1034 1111 1226 1194 Aegyptum
1242 1115 1332 1181 obie-

266 1215 349 1297 ·rit;
372 1214 429 1278 sed
454 1215 611 1299 equidem
633 1218 832 1304 putaverim,
855 1237 897 1284 ne
919 1218 1168 1304 expeditionem
1191 1221 1327 1303 quidem

288 1343 309 1387 a
332 1321 501 1406 Canrbyse
523 1325 558 1388 in
583 1325 774 1408 Aegyptum
798 1333 995 1413 susceptam,
1017 1331 1048 1394 h.
1068 1349 1095 1395 e.
1115 1329 1242 1396 librum
1266 1337 1329 1397 ter-

286 1435 370 1498 tium
392 1450 524 1499 omnem
556 1435 703 1501 scribere
733 1438 881 1522 potuisse
905 1440 1119 1526 Herodotum,
1149 1446 1327 1524 antequam

287 1543 481 1627 Aegyptum
513 1544 584 1628 ipse
615 1545 833 1633 lustravisset‚
867 1551 991 1632 quippe
1020 1570 1096 1616 cum
1126 1551 1233 1616 multa
1262 1571 1327 1616 non

288 1653 366 1716 satis
394 1657 511 1734 aperta
542 1653 584 1721 ad
615 1655 874 1738 intellegendum
905 1658 1019 1722 futura
1046 1661 1166 1724 fuerint
1187 1661 1249 1723 nisi
1271 1660 1329 1724 ad-

287 1760 356 1826 dita
379 1762 600 1844 descriptione
623 1782 737 1827 rerum
760 1766 973 1848 quarundam
989 1767 1271 1852 Aegyptiacorum
1294 1772 1327 1829 et

285 1872 442 1938 locorum.
487 1875 625 1938 Prorsus
648 1877 763 1938 autem
787 1879 908 1957 argute
931 1880 1147 1959 contortaque
1168 1877 1325 1956 interpre-

286 1989 375 2049 tatur
403 1985 515 2050 locum
544 1985 641 2048 illum
672 1983 704 2050 O.
729 1983 918 2070 Hootezius,
948 1988 1007 2069 qui
1037 1990 1071 2050 et
1098 1987 1171 2071 ipse
1199 1986 1323 2051 librum

287 2097 421 2159 tertium
444 2096 535 2176 prius
558 2113 659 2178 quam
683 2094 867 2160 secundum
889 2095 1050 2180 scriptum
1080 2113 1152 2160 esse
1174 2097 1327 2181 affirmat,

217 2215 225 2233 ⁸
289 2225 366 2270 oum
389 2202 472 2268 dicit
496 2204 531 2283 (l.
555 2223 584 2268 a.
607 2225 638 2288 p.
661 2205 730 2291 40),
760 2205 945 2278 Herdoturn
969 2205 1052 2270 illud
1082 2207 1115 2270 in
1138 2225 1164 2271 c.
1186 2207 1228 2270 38
1250 2206 1271 2269 i.
1293 2206 1327 2269 II

290 2313 478 2400 pollicitum
510 2332 582 2378 esse
613 2333 818 2398 quamquam
858 2315 944 2399 quod
976 2314 1147 2398 pollicitus
1176 2317 1227 2398 sit,
1261 2315 1327 2377 iarn

283 2425 458 2509 impletum
482 2423 647 2488 habuerit.

391 2535 467 2598 Jam
499 2539 531 2597 et
562 2553 605 2598 ex
632 2534 712 2616 ipsis
742 2535 863 2618 verbis,
884 2519 1013 2618 ‘quibus
1042 2534 1189 2616 legentes
1212 2533 1255 2598 ad
1278 2554 1327 2598 se-

286 2646 421 2728 quentia
454 2643 661 2729 delegantur,
694 2645 844 2708 obscuris
876 2630 909 2709 et
938 2645 1102 2728 suspensis
1132 2663 1222 2726 quae
1251 2649 1327 2708 sunt

287 2753 323 2818 ἐν
353 2757 434 2818 τοῖσι
465 2751 566 2818 ὀπίσω
597 2752 723 2838 λόγοισι
752 2754 875 2838 (175),
904 2752 936 2818 ἐν
964 2751 1053 2836 ἄλλῳ
1077 2751 1165 2840 λόγῳ
1189 2751 1328 2840 (1138),

288 2866 419 2948 ὕστερον
443 2863 490 2944 (II
514 2844 603 2950 101),
627 2863 660 2928 ἐν
682 2867 763 2928 τοῖσι
786 2863 901 2927 ὄπισθε
924 2862 1048 2948 λόγοισι
1071 2867 1119 2945 (V
1142 2867 1182 2929 22
1206 2873 1240 2928 et
1262 2866 1328 2933 VII

287 2973 377 3058 213),
399 2960 499 3038 et'ex
523 2992 563 3039 eo
587 2973 677 3057 quod
701 2979 851 3058 tempore
873 2974 986 3039 futuro
1009 2976 1115 3039 utitur
1138 2974 1327 3039 Herodotus

289 3085 342 3165 [ef.
372 3083 471 3149 1138
501 3083 623 3171 (ἐρέω),
653 3083 772 3148 11101
798 3081 952 3167 (δηλώσω
979 3089 1012 3150 et
1035 3083 1273 3168 ἐπιμνήσομαι),
1294 3083 1329 3147 ΙΙ
1376 3155 1378 3162 μ

290 3195 350 3259 161
376 3199 410 3258 et
431 3195 478 3261 IV
503 3195 566 3258 145
589 3191 843 3280 (ἀπηγήσομαι),
867 3195 896 3258 V
916 3191 957 3258 22
981 3191 1171 3279 (ἀποδέξω),
1193 3195 1209 3257 Ι
1233 3195 1273 3257 75
1297 3198 1330 3258 et

288 3306 353 3372 VII
374 3305 437 3368 213
460 3303 652 3390 (σημανεώ),
676 3305 724 3370 VI
739 3306 780 3368 19
804 3303 918 3385 (ἐπεὰν
1023 3303 1194 3390 petopeto]
1218 3304 1329 3368 elucet

286 3414 473 3502 perspicue,
496 3433 573 3478 eum
598 3433 803 3498 quamquem
826 3433 891 3480 non
907 3417 1081 3500 ignorabat
1103 3414 1327 3480 narrationem

287 3544 383 3590 suam
405 3522 532 3586 alicubi
559 3521 603 3586 ad
626 3541 696 3586 reru
728 3525 945 3606 significatam
972 3524 1157 3588 redituram
1181 3540 1260 3608 esse,
1282 3527 1330 3586 ta-

285 3653 361 3698 men
384 3633 572 3697 accuratius
603 3631 742 3696 definire
772 3650 838 3696 non
868 3633 1100 3714 potuisseubi
1132 3632 1196 3696 hoo
1219 3630 1261 3695 ed
1284 3633 1329 3696 ef-

285 3745 408 3807 fectum
431 3740 616 3807 adduceret
638 3744 761 3826 quippe
785 3743 844 3824 qui
867 3761 921 3806 res
945 3741 988 3806 ad
1013 3761 1096 3828 ques
1118 3743 1331 3828 remittimur,

286 3851 422 3914 uberius
444 3849 592 3914 nondum
616 3849 847 3934 descripsisset.
892 3849 981 3914 Nam
1008 3853 1035 3916 si
1058 3851 1148 3916 locos
1171 3849 1247 3913 illos
1270 3867 1328 3914 seu

286 3964 469 4025 retractans
503 3979 586 4044 opus
608 3980 722 4034 ,snum
761 3961 828 4025 iam
865 3961 1050 4043 perfectum
1087 3980 1146 4024 seu
1180 3959 1330 4041 singulas
