3176 4886
727 264 881 362 A

262 456 328 502 reo
352 441 518 520 regnante
540 436 741 500 rebellantes
770 437 805 498 in
827 437 1027 517 potestatem
1047 434 1230 500 Persarum
1251 434 1322 499 red-

266 551 362 609 actos
387 563 464 610 esse
486 545 672 608 memoriae
694 542 852 627 prodidit,
884 543 981 607 addit
1004 543 1105 608 haee:
1130 543 1247 607 οὕτω
1271 541 1322 626 δὴ

264 655 314 718 τό
346 653 512 738 τρίτον
543 650 696 726 Ἴωνες
726 650 1189 736 κατεδουλώθησαν,
1218 659 1323 735 πρω-

263 786 346 828 τον
387 765 466 848 μὲν
502 763 585 827 ὑπὸ
616 760 796 844 Λυδῶν,
834 761 902 838 δίς
938 761 985 825 δὲ
1019 761 1187 846 ἐπεξῆς
1217 760 1323 826 τότε

264 871 283 935 θ
297 893 323 934 π
339 875 358 934 δ
384 870 417 936 Π
431 890 447 934 ε
460 891 477 954 ρ
491 891 510 932 σ
522 869 538 933 t
550 889 575 933 ω
587 889 603 934 ν
617 892 625 953 ;
651 869 771 954 quibus
794 871 905 936 verbis
929 872 1002 954 ipse
1018 871 1189 956 signifieat,
1211 889 1247 934 se
1269 872 1323 935 Jo-

264 1003 331 1046 nes
355 985 428 1046 iam
451 983 620 1064 superiore
644 987 795 1062 tempore
817 981 870 1045 bis
893 984 925 1044 in
949 981 1147 1044 servitutem
1169 977 1324 1044 incidisse

267 1096 345 1168 iam
371 1079 469 1174 supra
491 1092 699 1170 narravisse3
726 1091 761 1154 id
785 1091 873 1174 quod
898 1109 1017 1156 revere
1040 1091 1323 1174 usuvenit,oun1

272 1205 380 1266 Jonas
404 1199 526 1280 Croesi,
557 1203 590 1264 in
614 1221 658 1266 oe.
682 1203 702 1265 6
726 1207 758 1265 et
780 1202 831 1286 26,
853 1203 886 1264 in
910 1200 1093 1283 ο.691.1,
1117 1199 1199 1283 Cyri
1222 1201 1322 1266 dioio-

274 1315 331 1374 nis
355 1313 457 1377 laetos
480 1330 553 1376 esse
575 1312 794 1374 inveniamus.

383 1425 433 1485 22.
479 1421 593 1487 Verba
617 1423 869 1504 quaelegimus
893 1421 929 1484 in
952 1440 979 1484 e.
1001 1421 1043 1484 43
1059 1422 1081 1485 l.
1097 1423 1158 1487 VI:
1182 1420 1323 1486 ἐνθαῦτα

278 1530 423 1614 μέγιστον
448 1531 566 1614 θῶυμα
590 1528 819 1616 ἐρέωτοῖσι
844 1532 893 1614 μὴ
919 1529 1324 1615 ἀποδεκομένοισι

273 1629 508 1726 Ἑλλήνων
554 1639 773 1724 Περσέων
817 1648 943 1704 τοῖσι
984 1639 1098 1705 ἑπτὰ
1134 1639 1323 1707 Ὀτάνεα

275 1748 839 1834 γνώμηνάποδὲξαοθαι,
864 1749 914 1826 ὡς
938 1752 1079 1836 χ’ρεδν
1103 1752 1172 1834 εἴη
1196 1749 1322 1835 δημο-

275 1879 297 1922 κ
311 1881 328 1943 ρ
341 1881 362 1922 α
373 1881 391 1922 τ
404 1857 448 1922 έε
463 1857 573 1921 σθαι
603 1856 756 1941 Πέρσα
768 1837 807 1940 ς,
839 1877 938 1922 nemo
961 1860 1134 1940 negaverit
1156 1859 1323 1939 pertinere

280 1971 324 2034 ad
346 1973 431 2034 haee
453 1989 543 2053 quae
567 1972 677 2034 insunt
699 1971 734 2033 in
766 1990 791 2033 υ.
814 1972 857 2033 80
881 1970 902 2032 l.
924 1970 990 2033 III:
1021 1967 1206 2055 ἐλέχθησαν
1230 1966 1322 2053 λόγοι

282 2081 407 2143 ἄπιστοι
429 2079 484 2162 μὲν
508 2077 615 2144 ἐνίοισι
634 2077 811 2162 Ἑλλήνων,
836 2078 1020 2164 ἐλέχθησαν
1045 2077 1073 2140 δ’
1097 2077 1150 2142 ὧν.
1188 2076 1323 2163 Ὀτάνης

285 2189 340 2273 μὲν
352 2187 481 2254 ἐκέλευε
495 2189 527 2265 ἐς
540 2187 636 2272 μέσον
650 2187 793 2273 Πέρσησι
808 2188 999 2252 καταθεῖναι
1011 2191 1050 2252 τὰ
1064 2187 1237 2274 πρήγματα
1251 2189 1322 2254 κτλ.

384 2301 434 2364 23.
479 2301 519 2364 Α.
551 2300 701 2364 Βααοινω
733 2305 769 2363 ut
802 2302 998 2364 sententiam
1032 2320 1053 2364 a
1086 2320 1122 2365 se
1155 2301 1321 2386 prolatam

177 2457 178 2463 ι
278 2411 483 2492 argumentis
513 2409 631 2494 firmet⁷
662 2407 892 2473 demonstrare
922 2409 1042 2490 studet,
1071 2409 1246 2475 nonnullas
1272 2429 1323 2472 res

278 2519 418 2582 diversis
443 2520 524 2582 locis
548 2525 824 2582 commemoratas
856 2537 927 2584 esse
954 2521 1002 2584 ita
1025 2526 1062 2582 ut
1085 2521 1206 2583 animis
1229 2520 1322 2584 nobis

277 2627 472 2710 fingendum
487 2629 539 2712 sit,
563 2647 681 2692 eorum
705 2629 854 2692 loeorum
878 2647 1157 2712 unumquemque
1178 2629 1322 2692 aliorum

276 2742 407 2804 ratione
436 2757 503 2804 non
533 2741 648 2805 habita
681 2743 841 2825 scripturn
873 2746 905 2804 et
936 2760 989 2805 res
1019 2741 1095 2804 illas
1128 2745 1253 2804 temere
1283 2761 1322 2803 ao

277 2852 347 2915 siue
382 2869 485 2915 eausa
518 2854 678 2934 repetitas
713 2869 793 2914 esse.
838 2850 883 2915 At
915 2849 1009 2933 quod
1042 2868 1102 2931 pro
1135 2851 1321 2914 testimonio

277 2962 369 3025 illius
391 2963 441 3024 rei
465 2980 541 3024 eum
565 2963 633 3024 alia
659 2965 729 3024 tum
752 2963 838 3025 haee
860 2963 952 3042 ponit
982 2961 1018 3038 (l.
1041 2977 1069 3023 a.
1092 2979 1122 3042 p.
1144 2960 1212 3042 41),
1236 2977 1323 3041 quae

277 3071 420 3154 legimus
442 3074 476 3134 in
501 3089 527 3134 e.
552 3070 713 3135 1801.ss
739 3075 772 3134 et
793 3073 826 3133 in
851 3090 877 3133 ο.
901 3071 942 3132 62
966 3068 986 3132 l.
1010 3070 1057 3133 V:
1078 3064 1322 3150 Ἀμφικτυόνων

278 3179 313 3244 δέ
338 3178 567 3262 μισθωσάντων
589 3180 643 3243 τόν
670 3179 702 3242 ἐν
725 3178 876 3263 Δελφοῖσι
906 3185 960 3242 νῦν
984 3177 1078 3242 ἐόντα
1101 3176 1176 3258 νηόν
1198 3196 1322 3260 τριηκο-

279 3287 398 3352 κοσίων
433 3287 596 3353 ταλάντων
632 3287 868 3372 ἐξεργάσασθαι
906 3288 940 3368 (ό
974 3289 1036 3371 γὰρ
1070 3287 1226 3372 πρότερον
1261 3286 1320 3351 ἐὼν

281 3397 394 3461 αὐτόθι
417 3399 603 3483 αὐτομάτως
631 3399 803 3482 κατεκάη),
832 3400 905 3474 τοὺς
929 3389 1073 3481 Δελφοὺς
1101 3397 1141 3482 δὴ
1163 3395 1323 3484 ἐπέβαλλε

279 3508 524 3593 τεταρτημόριον
555 3517 611 3573 τοῦ
643 3506 849 3593 μισθώματος
879 3516 1060 3595 παρασχεῖν
1091 3506 1173 3591 κτλ,
1198 3512 1245 3571 et:
1275 3506 1322 3570 ἐν·
1376 3577 1378 3582 s

277 3615 384 3680 θαῦτα
419 3617 449 3682 οἱ
481 3617 718 3704 Ἀλκμεωνίδαι
752 3627 814 3684 πᾶν
853 3617 905 3682 ἐπὶ
939 3626 1004 3694 τοῖς
1047 3614 1321 3701 Πεισιστρατίδῃσι
1419 3624 1423 3633 “

281 3727 516 3814 μηχανεόμενοι
548 3727 625 3812 παρ’
657 3727 900 3813 Ἀμφικτυόνων
933 3729 988 3792 τόν
1023 3730 1098 3811 νηδν
1133 3724 1321 3811 μισθοῦνται

279 3838 333 3902 τόν
365 3837 397 3902 ἐν
429 3837 591 3922 Δελφοῖσι,
621 3840 675 3903 τδν
706 3846 760 3903 νῦν
778 3837 895 3920 ἐόντα,
926 3837 998 3901 τότε
1021 3835 1056 3899 δὲ
1079 3837 1178 3918 οὔκω,
1208 3843 1329 3900 τοῦτον.

278 3945 536 4033 ἐξοικοδομῆσαι,
560 3950 688 4012 nullum
710 3967 789 4024 vero
811 3947 847 4012 id
870 3952 1105 4030 argumentum
1130 3951 1187 4011 est.
1232 3945 1320 4010 Nam
