3176 4886
746 296 788 357 39

688 383 843 394 ..ι-*σιη-

241 468 315 531 loco
345 466 475 552 aliquid
506 485 549 530 ex
579 467 691 550 priore
720 484 837 530 rerum
860 473 893 530 ct
916 468 1098 532 uerborum
1122 472 1285 532 contextu

242 576 425 662 sustulisse,
455 593 507 640 res
538 575 626 640 bello
657 580 773 640 contra
794 576 911 641 Medos
934 581 1046 659 gestas
1070 576 1162 662 dicit,
1197 595 1285 660 quae

242 705 330 750 nunc
353 705 398 750 oc.
423 687 463 749 73
487 690 520 750 et
544 686 586 748 74
608 684 861 750 eiusdem-libri
884 684 1128 750 describuntur.
1165 685 1286 771 Neque

244 801 356 859 tamen
380 795 435 858 hic
458 796 551 874 lucus
575 795 638 858 etsi
660 812 726 858 non
748 797 829 858 satis
852 794 952 878 plane
968 796 1111 880 scriptus
1135 800 1194 881 est,
1216 800 1286 858 tam

244 906 400 968 confusus
431 905 514 967 mihi
545 902 690 988 videtur,
724 909 761 967 ut
790 904 886 967 illam
917 906 1146 969 coniecturam
1175 905 1286 969 facere

244 1015 356 1078 liceat.
400 1013 451 1077 Ad
476 1015 580 1078 verba
610 1014 699 1076 enim
723 1033 812 1097 qnae
835 1019 927 1077 sunt:
949 1020 1051 1078 ταῦτα
1073 1012 1189 1078 ποιέων
1213 1013 1285 1076 ἐπο-

245 1109 340 1207 λέμει
362 1123 435 1187 ἔτεα
462 1120 588 1206 ἕνδεκα,
619 1143 708 1207 quae
739 1123 890 1207 quidem¹
908 1123 943 1189 0.
968 1125 1128 1189 Nitzscltio
1152 1126 1286 1189 omnino

244 1251 308 1296 non
325 1236 442 1316 aperta
458 1232 617 1296 videntur
633 1231 674 1295 ad
691 1231 964 1317 intellegendum,
987 1232 1179 1297 subiectum
1195 1232 1287 1316 quod

243 1343 277 1404 in
293 1343 586 1426 comprehensione
601 1341 784 1406 verborum
801 1342 958 1405 continuo
975 1343 1189 1407 antecedenti
1200 1325 1286 1425 ¹legi·

246 1454 310 1529 tur‚
327 1447 344 1511 ὁ
362 1445 468 1525 Λυδός
485 1449 569 1532 dice,
591 1448 816 1533 supplendum
832 1452 890 1527 est,
914 1468 1004 1532 quae
1020 1467 1088 1513 vox
1103 1454 1137 1512 et
1152 1454 1286 1534 patrem

245 1558 430 1641 Sadyatten
454 1564 487 1624 et
509 1558 694 1641 Halyatten
724 1558 834 1622 filium
859 1559 1105 1644 complectitur,
1138 1564 1174 1622 ut
1198 1563 1288 1622 totus

245 1669 338 1732 locus
373 1669 458 1731 milri
494 1668 633 1751 quidem
662 1652 742 1731 satis
773 1670 894 1751 planus
925 1673 958 1732 et
989 1669 1186 1753 perspicuus
1217 1686 1289 1732 esse

246 1777 410 1844 videatur.
454 1779 593 1860 Insuper
617 1783 866 1861 quaeterquam
887 1777 978 1861 quod
1001 1796 1065 1842 non
1089 1778 1197 1863 video,
1221 1796 1290 1861 qua

246 1907 282 1952 re
305 1897 492 1952 commotos
515 1887 706 1951 Herodotus
731 1888 859 1951 bellum
882 1893 999 1951 contra
1018 1886 1134 1951 Medos
1158 1890 1289 1970 gestum

247 1999 339 2081 prius
362 2017 408 2062 cc.
433 1997 472 2060 17
496 2016 567 2080 sqq.
596 2001 772 2059 narratum
797 2002 916 2081 postea
938 2014 957 2059 e
979 1997 1092 2060 medio
1116 1996 1290 2062 sustulerit

250 2109 350 2187 atque
367 2105 473 2168 alium
487 2106 521 2167 in
537 2103 650 2168 locum
669 2105 920 2189 transposuerit,
935 2102 971 2168 0.
989 2103 1168 2168 Nitzscltlus
1184 2105 1288 2168 etiam

250 2214 458 2279 haec‘verba
481 2216 605 2299 quibus
629 2218 730 2298 capnt
756 2213 793 2276 17
812 2213 1003 2277 exorditur:
1028 2210 1209 2297 ἐπολέμησε
1232 2214 1291 2293 (sc.

249 2321 441 2409 Ἀλυάττης)
470 2321 651 2406 Μιλησίοισι
673 2319 935 2406 παραδεξάμενος
957 2323 1013 2387 τὸν
1036 2321 1179 2407 πόλεμον
1202 2323 1291 2405 παρὰ

247 2441 304 2499 τοῦ
327 2434 447 2519 πατρὸς
471 2432 553 2518 κτλ,
583 2452 759 2498 removere
781 2439 841 2497 aut
863 2434 898 2498 in
921 2435 1110 2517 marginem
1131 2433 1290 2515 delegare

248 2543 403 2629 debebat,
419 2545 580 2628 quoniam
591 2544 655 2615 ¹uix
671 2542 955 2628 comprehendere
970 2549 1083 2606 mente
1104 2561 1290 2628 possumus,

248 2655 461 2720 Herodotum
483 2658 712 2720 narrationem
734 2656 815 2720 belli
838 2655 928 2739 quod
946 2656 1124 2738 Halyattes
1147 2674 1168 2718 a
1191 2659 1289 2740 patre

249 2765 347 2850 qnasi
370 2764 559 2830 hereditate
589 2771 774 2850 acceperat,
804 2765 921 2848 aliqua
951 2766 1021 2828 alia
1051 2750 1100 2828 re
1114 2765 1292 2828 interiecta

249 2875 485 2959 interrupisse·
499 2875 553 2938 vel
569 2880 607 2937 ut
622 2874 714 2938 idem
733 2877 808 2940 aliis
831 2876 943 2939 verbis
966 2874 1089 2961 dicam,
1112 2873 1292 2939 exordium

250 2985 332 3049 belli
355 2990 472 3048 contra
494 2984 649 3048 Miletum
672 2987 755 3068 gesti
778 2986 1015 3049 enarratione
1038 2987 1111 3048 eius
1141 2986 1215 3069 ipsa
1238 2983 1292 3046 de-

249 3096 373 3180 scripto
404 3094 494 3159 bello
525 3099 641 3157 contra
671 3095 787 3160 Medos
816 3114 1005 3180 separasse3
1040 3111 1149 3177 neque
1180 3099 1291 3157 tamen

251 3205 339 3271 delet
354 3205 415 3268 illa
429 3207 534 3270 verba
549 3204 585 3270 0.
602 3205 790 3271 Nitzsclu'ua
834 3207 874 3268 Α.
902 3205 1045 3269 Bauerus
1068 3205 1103 3283 (l.
1121 3223 1149 3268 a.
1164 3225 1195 3288 p.
1212 3205 1292 3286 105)

252 3315 390 3397 quidem
412 3320 532 3400 censet,
560 3316 595 3379 in
619 3317 741 3400 verbis,
772 3333 860 3398 quae
889 3322 966 3378 sunt
990 3313 1082 3390 οὗτος
1111 3312 1174 3396 γὰρ
1197 3311 1292 3376 auid

251 3424 305 3486 τὸν
329 3421 470 3507 πόλεμον
493 3425 533 3509 ἠν
557 3424 712 3508 συνάψας,
734 3427 842 3488 inesse
864 3443 1153 3509 supervacaneam
1172 3423 1294 3508 repeti-

253 3535 377 3598 tionem
401 3534 553 3599 eiusdem
574 3537 633 3619 rei,
663 3534 721 3600 sed
745 3533 904 3618 equidem
937 3532 1228 3614 abitrarimalim,
1256 3530 1293 3594 id

252 3662 324 3707 esse
345 3644 489 3730 simplex
513 3650 546 3707 et
569 3663 693 3728 purum
709 3643 884 3728 epicorum
903 3640 1036 3705 dicendi
1054 3659 1166 3723 genus,
1190 3638 1292 3722 quale

251 3753 463 3818 Herodotum
485 3754 632 3817 maxime
655 3752 760 3817 decet.
805 3751 906 3836 Quod
929 3757 1044 3815 autern
1066 3751 1136 3812 iarn
1158 3768 1187 3813 a.
1203 3767 1229 3812 c.
1246 3749 1292 3812 18

254 3862 419 3945 expressis
449 3863 561 3927 verbis
593 3861 634 3926 ad
667 3860 798 3944 aliquid
828 3877 1038 3940 revocamur,
1070 3855 1158 3940 quod
1190 3856 1293 3941 paulo

253 3990 363 4056 snpra
388 3973 418 4034 h.
442 3991 470 4035 e.
492 3972 527 4034 iu
550 3990 576 4036 c.
600 3973 651 4054 17,
674 3970 807 4054 dicitur,
836 3967 915 4033 inde
938 3967 1073 4031 omnino
1095 3985 1159 4031 non
1184 3984 1294 4030 conse·
