3176 4886
766 242 807 303 47

709 330 864 340 ——-·--

266 418 378 500 fingas,
408 415 525 498 utique
556 417 730 497 exspectes
761 432 895 478 necesse
925 417 983 497 est,
1017 410 1226 475 Herodotum
1256 429 1307 476 re·

266 530 438 590 texentem
459 525 550 588 hunc
571 525 693 609 locum,
719 542 787 607 quo
811 524 856 588 ad
878 523 913 586 id
937 521 1027 607 quod
1050 523 1142 584 nullo
1165 521 1239 585 loco
1261 523 1308 583 in-

267 634 439 697 veniamus
462 633 574 718 operis
597 632 805 718 detegamur,
827 632 940 717 potius
963 630 1179 694 sublaturum
1202 648 1306 713 quam

266 742 471 828 additurum,
500 742 536 806 id
558 742 650 826 quod
673 743 730 806 isti
754 742 880 827 volunt,
909 741 1018 824 luisse,
1042 741 1201 823 quoniam
1224 741 1308 802 eius-

266 853 357 916 modi
381 852 612 917 additamento
634 855 723 916 iacto
754 853 845 936 quod
875 851 1017 936 polliciti
1049 869 1165 914 sumus
1196 849 1308 933 potins

266 969 476 1046 praestamus
485 982 589 1047 quam
597 963 798 1046 pollicemur
805 961 946 1045 aliquid.
961 963 1066 1047 Porro
1076 961 1115 1024 A.
1125 960 1272 1025 Buccrus
1283 962 1309 1042 ¹)

267 1070 495 1137 demonstrare
529 1071 651 1156 studet,
685 1072 896 1136 Herodotum
929 1073 1071 1154 gloriam
1104 1071 1310 1154 reipublicae

268 1182 532 1268 Atheniensium,
554 1186 592 1246 ut
616 1183 689 1247 eius
705 1182 851 1246 conditio
873 1187 949 1266 post
965 1180 1056 1246 bella
1070 1180 1207 1244 Persica
1229 1185 1310 1264 erat,

267 1309 390 1356 noram
419 1292 495 1356 dico
524 1293 771 1377 rempublicam
798 1293 1008 1377 popularem,
1038 1290 1209 1355 celebrare
1240 1307 1308 1353 om·

267 1402 345 1468 nino
357 1401 517 1486 noluisse3
539 1403 686 1486 speciem
702 1402 792 1466 enirn
809 1421 924 1466 rerum
940 1401 1037 1464 bellis
1053 1401 1194 1464 Persicis
1215 1417 1308 1480 prae-

267 1511 451 1576 clarissime
469 1515 640 1593 gestarum
660 1511 763 1574 altius
782 1511 946 1574 inanimo
971 1510 1018 1572 eis
1031 1507 1192 1572 insedisse
1207 1525 1310 1590 qnam

270 1625 305 1684 ut
327 1622 398 1684 eius
421 1620 610 1706 quidquam
625 1623 797 1685 interesset
812 1639 869 1692 eas
885 1638 1022 1704 quoque
1039 1636 1092 1682 res
1109 1616 1308 1701 describere,

269 1749 353 1814 quas
376 1729 496 1796 Graeci
516 1727 775 1796 Atheniensibus
802 1731 999 1795 auctoribus
1022 1733 1056 1793 et
1078 1728 1221 1793 ducibus
1250 1745 1308 1812 po-

268 1841 408 1906 steriore
437 1846 589 1927 tempore
619 1841 797 1925 gesserint,
827 1841 979 1905 consulto
1010 1840 1111 1922 igitur
1134 1841 1227 1923 operi
1249 1856 1308 1901 sno

269 1969 347 2014 enm
368 1952 479 2036 ipsum
501 1954 610 2036 finem,
637 1971 739 2036 quem
761 1971 849 2015 nunc
870 1951 1089 2034 inveniamus,
1112 1949 1312 2034 imposuisse

270 2057 376 2120 illum.
421 2059 465 2123 At
496 2061 560 2124 hoc
589 2061 616 2123 si
644 2061 693 2123 ita
723 2080 758 2125 se
789 2061 938 2144 haberet,
969 2077 1029 2122 cur
1058 2076 1124 2122 non
1153 2076 1310 2143 eaquae

271 2165 392 2230 Graeci
402 2167 653 2252 insequentibus
669 2171 826 2234 continno
842 2169 1010 2234 decenniis
1027 2168 1158 2234 duobus
1173 2167 1308 2233 inbelle

272 2281 387 2341 contra
409 2279 526 2342 Persas
549 2285 801 2363 perseverantes
825 2279 944 2343 animis
965 2279 1095 2360 magnis
1114 2283 1147 2341 et
1170 2277 1309 2369 excelsis

270 2383 409 2450 Cimone
431 2385 519 2451 duce
541 2389 788 2473 annitebantur,
811 2407 947 2452 assensu
969 2405 1028 2450 suo
1051 2385 1310 2470 comprobaret?

269 2495 342 2560 Hoc
364 2499 453 2562 enim
476 2516 516 2563 eo
540 2500 649 2582 magis
672 2500 836 2582 suspicari
859 2500 946 2583 licet,
969 2498 1061 2582 quod
1085 2516 1128 2562 ex
1152 2515 1223 2581 cap.
1248 2494 1307 2560 131

268 2607 290 2670 l.
311 2607 360 2672 VI
381 2608 615 2694 intellegimus
645 2629 724 2674 eum
747 2613 856 2692 ipsum
879 2609 1054 2693 Periclem,
1084 2605 1229 2672 Cimonis
1253 2606 1309 2671 ad-

271 2718 465 2802 versarium,
480 2719 540 2800 qui
555 2720 741 2803 posteriore
752 2724 904 2804 tempore
920 2719 1163 2800 rempublicam
1177 2718 1310 2782 Atheni-

269 2825 400 2888 ensium
430 2826 701 2914 administrabat,
735 2849 780 2894 ex
814 2830 926 2893 animo
961 2847 1111 2913 vereque
1140 2828 1309 2892 admirari.

270 2933 417 2998 Tantum
447 2934 552 3016 igitur
575 2936 678 3020 abest,
709 2941 747 3000 ut
769 2936 960 3000 Herodotus
986 2937 1033 3000 nil
1055 2937 1120 3012 nisi
1141 2956 1193 3001 res
1216 2955 1311 3020 prae·

270 3044 361 3106 clare
391 3048 500 3126 gestas
532 3044 629 3109 bellis
652 3046 793 3112 Persicis
823 3046 1007 3111 admiratus
1037 3048 1088 3131 sit,
1118 3052 1154 3110 nt
1176 3063 1310 3130 prorsus

270 3151 522 3218 Atheniensium
553 3141 653 3219 rebus
682 3156 814 3240 faverit,
847 3156 907 3239 qui
936 3155 1074 3241 quidem
1105 3174 1171 3220 non
1200 3157 1311 3221 solum

270 3260 484 3326 defendentes
503 3263 630 3347 Persas,
652 3262 710 3328 s'ed
734 3264 836 3327 etiam
854 3263 946 3328 uitro
968 3265 1147 3329 inferentes
1170 3265 1218 3328 eis
1241 3265 1310 3329 bel·

268 3369 339 3434 lum
370 3373 520 3438 omnium
549 3372 758 3437 Graecorum
785 3393 858 3438 rem
890 3375 1017 3457 egerint
1029 3371 1068 3456 ²).
1111 3375 1308 3439 Putaverim

269 3499 358 3566 ergo,
380 3500 422 3546 ne
445 3484 504 3546 has
527 3482 667 3567 quidem
697 3485 842 3550 rationes
869 3490 987 3550 contra
1009 3485 1049 3549 A.
1072 3482 1309 3568 Kirchhcsflum

270 3621 477 3633 ———

374 3675 397 3744 ¹)
414 3672 555 3728 Herodcts
567 3673 743 3746 Biographie.
759 3677 824 3729 siu.
842 3675 903 3730 Ber.
922 3676 948 3730 d.
967 3675 1035 3745 phil.
1053 3674 1116 3728 hist.
1134 3673 1177 3728 cl.
1197 3672 1223 3726 d.
1241 3673 1270 3727 k.
1282 3673 1310 3725 k.

269 3761 318 3815 Ac.
339 3761 366 3814 d.
385 3761 467 3815 Wiss.
484 3762 515 3814 in
532 3761 623 3832 Wien,
641 3762 691 3816 Bd.
710 3763 852 3816 LXXXIX
871 3780 901 3832 p.·
916 3763 976 3816 391.
1191 3754 1196 3764 ’

373 3849 397 3918 ¹)
413 3850 444 3901 cl.
456 3852 489 3901 R.
500 3851 666 3918 Νίώενᾱίημ,
680 3849 831 3920 Sophocles
844 3850 1012 3921 ullerodot,
1023 3848 1309 3920 NcustedtolS.1875,

267 3951 296 4004 p.
315 3935 340 3988 6.
