<?xml version="1.0" encoding="UTF-8"?>
<!DOCTYPE html PUBLIC "-//W3C//DTD XHTML 1.0 Transitional//EN"
    "http://www.w3.org/TR/xhtml1/DTD/xhtml1-transitional.dtd">
<html xmlns="http://www.w3.org/1999/xhtml" xml:lang="en" lang="en">
 <head>
  <title>
</title>
<meta http-equiv="Content-Type" content="text/html;charset=utf-8" />
  <meta name='ocr-system' content='tesseract 3.04.00' />
  <meta name='ocr-capabilities' content='ocr_page ocr_carea ocr_par ocr_line ocrx_word'/>
</head>
<body>
  <div class='ocr_page' id='page_1' title='image "./herodotushalica00ammegoog_0041.png"; bbox 0 0 3176 4886; ppageno 0'>
   <div class='ocr_carea' id='block_1_1' title="bbox 767 303 920 404">
    <p class='ocr_par' dir='ltr' id='par_1_1' title="bbox 767 303 920 404">
     <span class='ocr_line' id='line_1_1' title="bbox 767 303 920 404; baseline 0 -36"><span class='ocrx_word' id='word_1_1' title='bbox 767 303 920 404; x_wconf 46' lang='lat' dir='ltr'>js-</span> 
     </span>
    </p>
   </div>
   <div class='ocr_carea' id='block_1_2' title="bbox 322 477 1370 2762">
    <p class='ocr_par' dir='ltr' id='par_1_2' title="bbox 322 477 1370 2762">
     <span class='ocr_line' id='line_1_2' title="bbox 323 477 1365 562; baseline 0.002 -20"><span class='ocrx_word' id='word_1_2' title='bbox 323 481 404 542; x_wconf 87' lang='lat' dir='ltr'>milri</span> <span class='ocrx_word' id='word_1_3' title='bbox 422 478 558 560; x_wconf 88' lang='lat' dir='ltr'>quidem</span> <span class='ocrx_word' id='word_1_4' title='bbox 574 477 716 560; x_wconf 79' lang='lat' dir='ltr'>videtur,</span> <span class='ocrx_word' id='word_1_5' title='bbox 741 479 843 543; x_wconf 91' lang='lat' dir='ltr'>habet</span> <span class='ocrx_word' id='word_1_6' title='bbox 860 479 1128 562; x_wconf 74' lang='lat' dir='ltr'>explicationem,</span> <span class='ocrx_word' id='word_1_7' title='bbox 1149 482 1176 542; x_wconf 90' lang='lat' dir='ltr'>si</span> <span class='ocrx_word' id='word_1_8' title='bbox 1193 481 1232 544; x_wconf 82' lang='grc' dir='ltr'>Α,</span> <span class='ocrx_word' id='word_1_9' title='bbox 1252 481 1365 546; x_wconf 80' lang='lat' dir='ltr'>Kirrlr-</span> 
     </span>
     <span class='ocr_line' id='line_1_3' title="bbox 322 587 1366 672; baseline 0.007 -25"><span class='ocrx_word' id='word_1_10' title='bbox 322 587 422 672; x_wconf 76' lang='lat' dir='ltr'>baffio</span> <span class='ocrx_word' id='word_1_11' title='bbox 446 592 582 650; x_wconf 89' lang='lat' dir='ltr'>auctore</span> <span class='ocrx_word' id='word_1_12' title='bbox 605 591 776 671; x_wconf 81' lang='lat' dir='ltr'>sumimus,</span> <span class='ocrx_word' id='word_1_13' title='bbox 807 588 1016 652; x_wconf 90' lang='lat' dir='ltr'>Herodotum</span> <span class='ocrx_word' id='word_1_14' title='bbox 1042 589 1198 652; x_wconf 80' lang='lat' dir='ltr'>historias</span> <span class='ocrx_word' id='word_1_15' title='bbox 1221 609 1297 654; x_wconf 88' lang='lat' dir='ltr'>suas</span> <span class='ocrx_word' id='word_1_16' title='bbox 1320 593 1366 654; x_wconf 92' lang='lat' dir='ltr'>in-</span> 
     </span>
     <span class='ocr_line' id='line_1_4' title="bbox 323 697 1366 783; baseline 0.003 -23"><span class='ocrx_word' id='word_1_17' title='bbox 323 697 538 782; x_wconf 85' lang='lat' dir='ltr'>tercapedine</span> <span class='ocrx_word' id='word_1_18' title='bbox 567 697 731 761; x_wconf 89' lang='lat' dir='ltr'>scribendi</span> <span class='ocrx_word' id='word_1_19' title='bbox 755 699 844 761; x_wconf 86' lang='lat' dir='ltr'>lacta</span> <span class='ocrx_word' id='word_1_20' title='bbox 867 699 1051 783; x_wconf 78' lang='lat' dir='ltr'><strong>perfecisse,</strong></span> <span class='ocrx_word' id='word_1_21' title='bbox 1074 717 1138 761; x_wconf 93' lang='lat' dir='ltr'>non</span> <span class='ocrx_word' id='word_1_22' title='bbox 1161 701 1189 762; x_wconf 88' lang='lat' dir='ltr'>si</span> <span class='ocrx_word' id='word_1_23' title='bbox 1211 701 1366 782; x_wconf 77' lang='lat' dir='ltr'>fingimus</span> 
     </span>
     <span class='ocr_line' id='line_1_5' title="bbox 324 807 1366 893; baseline 0.002 -23"><span class='ocrx_word' id='word_1_24' title='bbox 324 826 404 870; x_wconf 90' lang='lat' dir='ltr'>eum</span> <span class='ocrx_word' id='word_1_25' title='bbox 428 807 585 870; x_wconf 84' lang='lat' dir='ltr'>historias</span> <span class='ocrx_word' id='word_1_26' title='bbox 615 825 693 868; x_wconf 87' lang='lat' dir='ltr'>suas</span> <span class='ocrx_word' id='word_1_27' title='bbox 717 812 816 869; x_wconf 89' lang='lat' dir='ltr'>antea</span> <span class='ocrx_word' id='word_1_28' title='bbox 846 811 1019 890; x_wconf 87' lang='lat' dir='ltr'>separatas</span> <span class='ocrx_word' id='word_1_29' title='bbox 1047 813 1242 874; x_wconf 77' lang='lat' dir='ltr'><strong>retractasse</strong></span> <span class='ocrx_word' id='word_1_30' title='bbox 1265 815 1366 893; x_wconf 86' lang='lat' dir='ltr'>atque</span> 
     </span>
     <span class='ocr_line' id='line_1_6' title="bbox 322 917 1366 998; baseline 0.003 -18"><span class='ocrx_word' id='word_1_31' title='bbox 322 919 409 980; x_wconf 89' lang='lat' dir='ltr'>inter</span> <span class='ocrx_word' id='word_1_32' title='bbox 439 936 474 980; x_wconf 92' lang='lat' dir='ltr'>se</span> <span class='ocrx_word' id='word_1_33' title='bbox 503 917 684 997; x_wconf 75' lang='lat' dir='ltr'>conexis&#39;sa</span> <span class='ocrx_word' id='word_1_34' title='bbox 714 917 912 998; x_wconf 86' lang='lat' dir='ltr'>praesertim</span> <span class='ocrx_word' id='word_1_35' title='bbox 943 935 1020 980; x_wconf 91' lang='lat' dir='ltr'>cum</span> <span class='ocrx_word' id='word_1_36' title='bbox 1051 918 1191 982; x_wconf 86' lang='lat' dir='ltr'>dubium</span> <span class='ocrx_word' id='word_1_37' title='bbox 1222 937 1285 982; x_wconf 91' lang='lat' dir='ltr'>non</span> <span class='ocrx_word' id='word_1_38' title='bbox 1315 920 1366 996; x_wconf 86' lang='lat' dir='ltr'>sit,</span> 
     </span>
     <span class='ocr_line' id='line_1_7' title="bbox 324 1024 1366 1110; baseline 0.001 -20"><span class='ocrx_word' id='word_1_39' title='bbox 324 1029 404 1110; x_wconf 90' lang='lat' dir='ltr'>quin</span> <span class='ocrx_word' id='word_1_40' title='bbox 428 1028 489 1091; x_wconf 86' lang='lat' dir='ltr'>has</span> <span class='ocrx_word' id='word_1_41' title='bbox 505 1027 539 1089; x_wconf 91' lang='lat' dir='ltr'>in</span> <span class='ocrx_word' id='word_1_42' title='bbox 558 1045 595 1089; x_wconf 90' lang='lat' dir='ltr'>rc</span> <span class='ocrx_word' id='word_1_43' title='bbox 611 1027 740 1088; x_wconf 90' lang='lat' dir='ltr'>maiore</span> <span class='ocrx_word' id='word_1_44' title='bbox 756 1024 931 1107; x_wconf 78' lang='lat' dir='ltr'>diligentia</span> <span class='ocrx_word' id='word_1_45' title='bbox 955 1031 987 1089; x_wconf 91' lang='lat' dir='ltr'>et</span> <span class='ocrx_word' id='word_1_46' title='bbox 1011 1046 1094 1090; x_wconf 88' lang='lat' dir='ltr'>eura</span> <span class='ocrx_word' id='word_1_47' title='bbox 1116 1049 1235 1094; x_wconf 87' lang='lat' dir='ltr'>usurus</span> <span class='ocrx_word' id='word_1_48' title='bbox 1258 1030 1366 1092; x_wconf 86' lang='lat' dir='ltr'>tuerit.</span> 
     </span>
     <span class='ocr_line' id='line_1_8' title="bbox 325 1133 1367 1218; baseline 0.002 -20"><span class='ocrx_word' id='word_1_49' title='bbox 325 1137 463 1198; x_wconf 82' lang='lat' dir='ltr'>Accedit</span> <span class='ocrx_word' id='word_1_50' title='bbox 493 1136 581 1218; x_wconf 90' lang='lat' dir='ltr'>qnod</span> <span class='ocrx_word' id='word_1_51' title='bbox 610 1133 650 1197; x_wconf 84' lang='lat' dir='ltr'>K.</span> <span class='ocrx_word' id='word_1_52' title='bbox 682 1133 726 1196; x_wconf 91' lang='lat' dir='ltr'>W.</span> <span class='ocrx_word' id='word_1_53' title='bbox 757 1134 938 1198; x_wconf 78' lang='lat' dir='ltr'>Nitascbtas</span> <span class='ocrx_word' id='word_1_54' title='bbox 969 1137 1003 1212; x_wconf 85' lang='lat' dir='ltr'>(l.</span> <span class='ocrx_word' id='word_1_55' title='bbox 1036 1138 1081 1217; x_wconf 87' lang='lat' dir='ltr'>a.)</span> <span class='ocrx_word' id='word_1_56' title='bbox 1113 1137 1303 1202; x_wconf 84' lang='lat' dir='ltr'>doctissime</span> <span class='ocrx_word' id='word_1_57' title='bbox 1334 1144 1367 1201; x_wconf 89' lang='lat' dir='ltr'>et</span> 
     </span>
     <span class='ocr_line' id='line_1_9' title="bbox 324 1244 1367 1326; baseline 0.004 -19"><span class='ocrx_word' id='word_1_58' title='bbox 324 1246 510 1308; x_wconf 86' lang='lat' dir='ltr'>rectissime</span> <span class='ocrx_word' id='word_1_59' title='bbox 541 1246 696 1326; x_wconf 85' lang='lat' dir='ltr'>exposuit</span> <span class='ocrx_word' id='word_1_60' title='bbox 728 1250 760 1306; x_wconf 88' lang='lat' dir='ltr'>et</span> <span class='ocrx_word' id='word_1_61' title='bbox 789 1244 1039 1323; x_wconf 84' lang='lat' dir='ltr'>demonstravit,</span> <span class='ocrx_word' id='word_1_62' title='bbox 1068 1244 1276 1310; x_wconf 91' lang='lat' dir='ltr'>Herodotum</span> <span class='ocrx_word' id='word_1_63' title='bbox 1299 1267 1367 1311; x_wconf 89' lang='lat' dir='ltr'>ma-</span> 
     </span>
     <span class='ocr_line' id='line_1_10' title="bbox 325 1353 1367 1437; baseline 0.005 -22"><span class='ocrx_word' id='word_1_64' title='bbox 325 1356 445 1416; x_wconf 88' lang='lat' dir='ltr'>teriam</span> <span class='ocrx_word' id='word_1_65' title='bbox 468 1353 510 1416; x_wconf 89' lang='lat' dir='ltr'>ad</span> <span class='ocrx_word' id='word_1_66' title='bbox 534 1371 617 1435; x_wconf 91' lang='lat' dir='ltr'>opus</span> <span class='ocrx_word' id='word_1_67' title='bbox 641 1353 853 1417; x_wconf 89' lang='lat' dir='ltr'>scribendum</span> <span class='ocrx_word' id='word_1_68' title='bbox 884 1355 1098 1437; x_wconf 82' lang='lat' dir='ltr'>colligentem</span> <span class='ocrx_word' id='word_1_69' title='bbox 1120 1359 1230 1420; x_wconf 88' lang='lat' dir='ltr'>minus</span> <span class='ocrx_word' id='word_1_70' title='bbox 1253 1376 1367 1422; x_wconf 90' lang='lat' dir='ltr'>monu-</span> 
     </span>
     <span class='ocr_line' id='line_1_11' title="bbox 324 1465 1368 1550; baseline 0.006 -25"><span class='ocrx_word' id='word_1_71' title='bbox 324 1468 438 1526; x_wconf 88' lang='lat' dir='ltr'>menta</span> <span class='ocrx_word' id='word_1_72' title='bbox 452 1481 566 1526; x_wconf 89' lang='lat' dir='ltr'>rerum</span> <span class='ocrx_word' id='word_1_73' title='bbox 581 1468 751 1545; x_wconf 83' lang='lat' dir='ltr'>gestarum</span> <span class='ocrx_word' id='word_1_74' title='bbox 768 1465 871 1528; x_wconf 90' lang='lat' dir='ltr'>literis</span> <span class='ocrx_word' id='word_1_75' title='bbox 887 1465 1055 1550; x_wconf 79' lang='lat' dir='ltr'>mandata,</span> <span class='ocrx_word' id='word_1_76' title='bbox 1079 1486 1181 1550; x_wconf 90' lang='lat' dir='ltr'>quam</span> <span class='ocrx_word' id='word_1_77' title='bbox 1204 1469 1368 1531; x_wconf 89' lang='lat' dir='ltr'>narratio-</span> 
     </span>
     <span class='ocr_line' id='line_1_12' title="bbox 324 1573 1368 1657; baseline 0.002 -23"><span class='ocrx_word' id='word_1_78' title='bbox 324 1589 384 1634; x_wconf 88' lang='lat' dir='ltr'>nes</span> <span class='ocrx_word' id='word_1_79' title='bbox 402 1589 463 1638; x_wconf 68' lang='lat' dir='ltr'>,ore</span> <span class='ocrx_word' id='word_1_80' title='bbox 486 1575 687 1654; x_wconf 85' lang='lat' dir='ltr'>propagatas</span> <span class='ocrx_word' id='word_1_81' title='bbox 710 1577 861 1636; x_wconf 90' lang='lat' dir='ltr'>secutum</span> <span class='ocrx_word' id='word_1_82' title='bbox 886 1592 966 1656; x_wconf 74' lang='lat' dir='ltr'>esse⁷</span> <span class='ocrx_word' id='word_1_83' title='bbox 990 1593 1034 1638; x_wconf 83' lang='lat' dir='ltr'>ex</span> <span class='ocrx_word' id='word_1_84' title='bbox 1057 1574 1181 1657; x_wconf 90' lang='lat' dir='ltr'>quibus</span> <span class='ocrx_word' id='word_1_85' title='bbox 1204 1575 1259 1639; x_wconf 83' lang='grc' dir='ltr'>τὸν</span> <span class='ocrx_word' id='word_1_86' title='bbox 1274 1573 1368 1638; x_wconf 76' lang='grc' dir='ltr'>ἐόντα</span> 
     </span>
     <span class='ocr_line' id='line_1_13' title="bbox 326 1678 1368 1767; baseline 0.003 -24"><span class='ocrx_word' id='word_1_87' title='bbox 326 1678 423 1764; x_wconf 78' lang='grc' dir='ltr'>λόγον</span> <span class='ocrx_word' id='word_1_88' title='bbox 456 1681 488 1759; x_wconf 82' lang='grc' dir='ltr'>(Ι</span> <span class='ocrx_word' id='word_1_89' title='bbox 511 1681 569 1760; x_wconf 83' lang='grc'>95)</span> <span class='ocrx_word' id='word_1_90' title='bbox 601 1679 701 1763; x_wconf 89' lang='lat' dir='ltr'>idque</span> <span class='ocrx_word' id='word_1_91' title='bbox 732 1702 775 1744; x_wconf 85' lang='lat' dir='ltr'>ex</span> <span class='ocrx_word' id='word_1_92' title='bbox 806 1684 910 1745; x_wconf 88' lang='lat' dir='ltr'>animi</span> <span class='ocrx_word' id='word_1_93' title='bbox 941 1685 991 1745; x_wconf 88' lang='lat' dir='ltr'>sui</span> <span class='ocrx_word' id='word_1_94' title='bbox 1021 1687 1184 1748; x_wconf 85' lang='lat' dir='ltr'>sententia</span> <span class='ocrx_word' id='word_1_95' title='bbox 1214 1685 1368 1767; x_wconf 76' lang='lat' dir='ltr'>eligebat⁷</span> 
     </span>
     <span class='ocr_line' id='line_1_14' title="bbox 328 1789 1367 1872; baseline 0.001 -21"><span class='ocrx_word' id='word_1_96' title='bbox 328 1791 357 1851; x_wconf 91' lang='lat' dir='ltr'>h.</span> <span class='ocrx_word' id='word_1_97' title='bbox 380 1809 405 1853; x_wconf 92' lang='lat' dir='ltr'>e.</span> <span class='ocrx_word' id='word_1_98' title='bbox 429 1807 504 1852; x_wconf 87' lang='lat' dir='ltr'>eam</span> <span class='ocrx_word' id='word_1_99' title='bbox 527 1789 754 1852; x_wconf 82' lang='lat' dir='ltr'>narrationem</span> <span class='ocrx_word' id='word_1_100' title='bbox 778 1809 866 1872; x_wconf 91' lang='lat' dir='ltr'>quae</span> <span class='ocrx_word' id='word_1_101' title='bbox 889 1791 1028 1870; x_wconf 85' lang='lat' dir='ltr'>imagini</span> <span class='ocrx_word' id='word_1_102' title='bbox 1046 1794 1151 1852; x_wconf 90' lang='lat' dir='ltr'>omnis</span> <span class='ocrx_word' id='word_1_103' title='bbox 1175 1809 1286 1852; x_wconf 88' lang='lat' dir='ltr'>rerum</span> <span class='ocrx_word' id='word_1_104' title='bbox 1309 1793 1367 1852; x_wconf 92' lang='lat' dir='ltr'>hu-</span> 
     </span>
     <span class='ocr_line' id='line_1_15' title="bbox 327 1898 1366 1982; baseline -0.003 -20"><span class='ocrx_word' id='word_1_105' title='bbox 327 1902 685 1982; x_wconf 76' lang='lat' dir='ltr'>manarumnaturae,</span> <span class='ocrx_word' id='word_1_106' title='bbox 719 1917 823 1980; x_wconf 88' lang='lat' dir='ltr'>quam</span> <span class='ocrx_word' id='word_1_107' title='bbox 856 1902 968 1960; x_wconf 89' lang='lat' dir='ltr'>mente</span> <span class='ocrx_word' id='word_1_108' title='bbox 1003 1903 1035 1960; x_wconf 93' lang='lat' dir='ltr'>et</span> <span class='ocrx_word' id='word_1_109' title='bbox 1067 1899 1266 1977; x_wconf 77' lang='lat' dir='ltr'>cogitatione</span> <span class='ocrx_word' id='word_1_110' title='bbox 1295 1898 1366 1980; x_wconf 86' lang='lat' dir='ltr'>ipse</span> 
     </span>
     <span class='ocr_line' id='line_1_16' title="bbox 328 1993 1367 2093; baseline -0.003 -22"><span class='ocrx_word' id='word_1_111' title='bbox 328 2009 505 2093; x_wconf 86' lang='lat' dir='ltr'>amplexus</span> <span class='ocrx_word' id='word_1_112' title='bbox 528 1993 605 2072; x_wconf 31' lang='lat' dir='ltr'>erat*</span> <span class='ocrx_word' id='word_1_113' title='bbox 621 2009 753 2092; x_wconf 87' lang='lat' dir='ltr'>pietatis</span> <span class='ocrx_word' id='word_1_114' title='bbox 781 2006 933 2091; x_wconf 78' lang='lat' dir='ltr'>deorum,</span> <span class='ocrx_word' id='word_1_115' title='bbox 963 2005 1006 2068; x_wconf 94' lang='lat' dir='ltr'>ad</span> <span class='ocrx_word' id='word_1_116' title='bbox 1038 2023 1183 2090; x_wconf 91' lang='lat' dir='ltr'>quorum</span> <span class='ocrx_word' id='word_1_117' title='bbox 1206 2005 1367 2068; x_wconf 86' lang='lat' dir='ltr'>iudicium</span> 
     </span>
     <span class='ocr_line' id='line_1_17' title="bbox 327 2115 1368 2202; baseline -0.004 -19"><span class='ocrx_word' id='word_1_118' title='bbox 327 2120 572 2202; x_wconf 82' lang='lat' dir='ltr'>arbitriumque</span> <span class='ocrx_word' id='word_1_119' title='bbox 595 2137 727 2181; x_wconf 89' lang='lat' dir='ltr'>summa</span> <span class='ocrx_word' id='word_1_120' title='bbox 751 2119 900 2180; x_wconf 91' lang='lat' dir='ltr'>omnium</span> <span class='ocrx_word' id='word_1_121' title='bbox 922 2135 1036 2179; x_wconf 90' lang='lat' dir='ltr'>rerum</span> <span class='ocrx_word' id='word_1_122' title='bbox 1059 2115 1192 2200; x_wconf 79' lang='lat' dir='ltr'>rediret,</span> <span class='ocrx_word' id='word_1_123' title='bbox 1215 2135 1312 2180; x_wconf 89' lang='lat' dir='ltr'>sensu</span> <span class='ocrx_word' id='word_1_124' title='bbox 1336 2119 1368 2179; x_wconf 89' lang='lat' dir='ltr'>et</span> 
     </span>
     <span class='ocr_line' id='line_1_18' title="bbox 327 2225 1368 2310; baseline -0.001 -21"><span class='ocrx_word' id='word_1_125' title='bbox 327 2227 457 2310; x_wconf 89' lang='lat' dir='ltr'>pudore</span> <span class='ocrx_word' id='word_1_126' title='bbox 473 2235 575 2310; x_wconf 89' lang='lat' dir='ltr'>atque</span> <span class='ocrx_word' id='word_1_127' title='bbox 588 2226 789 2290; x_wconf 86' lang='lat' dir='ltr'>verecundia</span> <span class='ocrx_word' id='word_1_128' title='bbox 800 2225 929 2309; x_wconf 75' lang='lat' dir='ltr'>ductus,</span> <span class='ocrx_word' id='word_1_129' title='bbox 945 2227 1094 2290; x_wconf 85' lang='lat' dir='ltr'>maxime</span> <span class='ocrx_word' id='word_1_130' title='bbox 1106 2225 1322 2310; x_wconf 85' lang='lat' dir='ltr'>responderet</span> <span class='ocrx_word' id='word_1_131' title='bbox 1333 2225 1368 2306; x_wconf 85' lang='lat'>¹).</span> 
     </span>
     <span class='ocr_line' id='line_1_19' title="bbox 327 2335 1368 2419; baseline -0.002 -21"><span class='ocrx_word' id='word_1_132' title='bbox 327 2336 441 2419; x_wconf 89' lang='lat' dir='ltr'>Atque</span> <span class='ocrx_word' id='word_1_133' title='bbox 471 2337 536 2400; x_wconf 90' lang='lat' dir='ltr'>bae</span> <span class='ocrx_word' id='word_1_134' title='bbox 567 2337 772 2399; x_wconf 88' lang='lat' dir='ltr'>narrationes</span> <span class='ocrx_word' id='word_1_135' title='bbox 807 2353 896 2418; x_wconf 88' lang='lat' dir='ltr'>quae</span> <span class='ocrx_word' id='word_1_136' title='bbox 930 2339 963 2398; x_wconf 92' lang='lat' dir='ltr'>in</span> <span class='ocrx_word' id='word_1_137' title='bbox 994 2355 1051 2400; x_wconf 90' lang='lat' dir='ltr'>ore</span> <span class='ocrx_word' id='word_1_138' title='bbox 1082 2337 1136 2400; x_wconf 86' lang='lat' dir='ltr'>vel</span> <span class='ocrx_word' id='word_1_139' title='bbox 1166 2335 1283 2419; x_wconf 87' lang='lat' dir='ltr'>populi</span> <span class='ocrx_word' id='word_1_140' title='bbox 1313 2335 1368 2397; x_wconf 86' lang='lat' dir='ltr'>vel</span> 
     </span>
     <span class='ocr_line' id='line_1_20' title="bbox 328 2445 1369 2528; baseline -0.002 -20"><span class='ocrx_word' id='word_1_141' title='bbox 328 2445 435 2527; x_wconf 82' lang='lat' dir='ltr'>gentis</span> <span class='ocrx_word' id='word_1_142' title='bbox 459 2445 514 2507; x_wconf 90' lang='lat' dir='ltr'>vel</span> <span class='ocrx_word' id='word_1_143' title='bbox 536 2445 629 2508; x_wconf 89' lang='lat' dir='ltr'>urbis</span> <span class='ocrx_word' id='word_1_144' title='bbox 652 2445 706 2507; x_wconf 88' lang='lat' dir='ltr'>vel</span> <span class='ocrx_word' id='word_1_145' title='bbox 730 2445 879 2507; x_wconf 87' lang='lat' dir='ltr'>familiae</span> <span class='ocrx_word' id='word_1_146' title='bbox 901 2445 1045 2508; x_wconf 86' lang='lat' dir='ltr'>alicuius</span> <span class='ocrx_word' id='word_1_147' title='bbox 1069 2446 1269 2528; x_wconf 77' lang='lat' dir='ltr'>ferebantur,</span> <span class='ocrx_word' id='word_1_148' title='bbox 1300 2449 1369 2507; x_wconf 89' lang='lat' dir='ltr'>tam</span> 
     </span>
     <span class='ocr_line' id='line_1_21' title="bbox 329 2551 1370 2636; baseline -0.002 -20"><span class='ocrx_word' id='word_1_149' title='bbox 329 2558 455 2616; x_wconf 87' lang='lat' dir='ltr'>certam</span> <span class='ocrx_word' id='word_1_150' title='bbox 478 2559 614 2635; x_wconf 89' lang='lat' dir='ltr'>tamque</span> <span class='ocrx_word' id='word_1_151' title='bbox 638 2551 807 2615; x_wconf 88' lang='lat' dir='ltr'>definitam</span> <span class='ocrx_word' id='word_1_152' title='bbox 837 2553 1008 2616; x_wconf 86' lang='lat' dir='ltr'>habebant</span> <span class='ocrx_word' id='word_1_153' title='bbox 1030 2553 1183 2636; x_wconf 82' lang='lat' dir='ltr'>speciem,</span> <span class='ocrx_word' id='word_1_154' title='bbox 1207 2556 1244 2614; x_wconf 92' lang='lat' dir='ltr'>ut</span> <span class='ocrx_word' id='word_1_155' title='bbox 1267 2551 1370 2616; x_wconf 91' lang='lat' dir='ltr'>Herc·</span> 
     </span>
     <span class='ocr_line' id='line_1_22' title="bbox 328 2644 1369 2762; baseline -0.002 -36"><span class='ocrx_word' id='word_1_156' title='bbox 328 2662 425 2726; x_wconf 87' lang='lat' dir='ltr'>dotus</span> <span class='ocrx_word' id='word_1_157' title='bbox 448 2660 586 2744; x_wconf 89' lang='lat' dir='ltr'>quidem</span> <span class='ocrx_word' id='word_1_158' title='bbox 617 2661 699 2723; x_wconf 89' lang='lat' dir='ltr'>mihi</span> <span class='ocrx_word' id='word_1_159' title='bbox 730 2644 830 2724; x_wconf 85' lang='lat' dir='ltr'>crede</span> <span class='ocrx_word' id='word_1_160' title='bbox 860 2681 936 2724; x_wconf 89' lang='lat' dir='ltr'>eam</span> <span class='ocrx_word' id='word_1_161' title='bbox 965 2667 1098 2725; x_wconf 88' lang='lat' dir='ltr'>mutare</span> <span class='ocrx_word' id='word_1_162' title='bbox 1127 2679 1192 2725; x_wconf 89' lang='lat' dir='ltr'>non</span> <span class='ocrx_word' id='word_1_163' title='bbox 1223 2660 1369 2762; x_wconf 74' lang='lat' dir='ltr'>auderet,</span> 
     </span>
    </p>
   </div>
   <div class='ocr_carea' id='block_1_3' title="bbox 328 2769 1473 2854">
    <p class='ocr_par' dir='ltr' id='par_1_3' title="bbox 328 2769 1473 2854">
     <span class='ocr_line' id='line_1_23' title="bbox 328 2769 1473 2854; baseline -0.003 -22"><span class='ocrx_word' id='word_1_164' title='bbox 328 2773 399 2834; x_wconf 89' lang='lat' dir='ltr'>sive</span> <span class='ocrx_word' id='word_1_165' title='bbox 414 2772 618 2834; x_wconf 85' lang='lat' dir='ltr'>narrationes</span> <span class='ocrx_word' id='word_1_166' title='bbox 635 2769 713 2832; x_wconf 91' lang='lat' dir='ltr'>illae</span> <span class='ocrx_word' id='word_1_167' title='bbox 730 2770 762 2832; x_wconf 90' lang='lat' dir='ltr'>ei</span> <span class='ocrx_word' id='word_1_168' title='bbox 777 2770 971 2854; x_wconf 89' lang='lat' dir='ltr'>probabiles</span> <span class='ocrx_word' id='word_1_169' title='bbox 991 2771 1183 2835; x_wconf 88' lang='lat' dir='ltr'>viderentur</span> <span class='ocrx_word' id='word_1_170' title='bbox 1202 2773 1273 2835; x_wconf 89' lang='lat' dir='ltr'>sive</span> <span class='ocrx_word' id='word_1_171' title='bbox 1295 2788 1369 2854; x_wconf 75' lang='lat' dir='ltr'>nou,</span> <span class='ocrx_word' id='word_1_172' title='bbox 1469 2821 1473 2828; x_wconf 88' lang='lat'>.</span> 
     </span>
    </p>
   </div>
   <div class='ocr_carea' id='block_1_4' title="bbox 286 2880 1372 3731">
    <p class='ocr_par' dir='ltr' id='par_1_4' title="bbox 286 2880 1372 3731">
     <span class='ocr_line' id='line_1_24' title="bbox 329 2880 1370 2964; baseline 0 -22"><span class='ocrx_word' id='word_1_173' title='bbox 329 2881 400 2942; x_wconf 91' lang='lat' dir='ltr'>sive</span> <span class='ocrx_word' id='word_1_174' title='bbox 424 2880 644 2943; x_wconf 89' lang='lat' dir='ltr'>consentirent</span> <span class='ocrx_word' id='word_1_175' title='bbox 667 2881 752 2943; x_wconf 89' lang='lat' dir='ltr'>inter</span> <span class='ocrx_word' id='word_1_176' title='bbox 775 2899 811 2944; x_wconf 87' lang='lat' dir='ltr'>se</span> <span class='ocrx_word' id='word_1_177' title='bbox 833 2882 905 2944; x_wconf 87' lang='lat' dir='ltr'>sive</span> <span class='ocrx_word' id='word_1_178' title='bbox 926 2885 1160 2964; x_wconf 83' lang='lat' dir='ltr'>repugnarent.</span> <span class='ocrx_word' id='word_1_179' title='bbox 1206 2881 1278 2944; x_wconf 90' lang='lat' dir='ltr'>Hoc</span> <span class='ocrx_word' id='word_1_180' title='bbox 1298 2883 1370 2964; x_wconf 89' lang='lat' dir='ltr'>ipse</span> 
     </span>
     <span class='ocr_line' id='line_1_25' title="bbox 330 2988 1369 3073; baseline 0 -22"><span class='ocrx_word' id='word_1_181' title='bbox 330 3008 465 3073; x_wconf 87' lang='lat' dir='ltr'>quoque</span> <span class='ocrx_word' id='word_1_182' title='bbox 495 2990 656 3070; x_wconf 82' lang='lat' dir='ltr'>significat</span> <span class='ocrx_word' id='word_1_183' title='bbox 687 3008 765 3052; x_wconf 90' lang='lat' dir='ltr'>oum</span> <span class='ocrx_word' id='word_1_184' title='bbox 788 2990 883 3054; x_wconf 88' lang='lat' dir='ltr'>dicit:</span> <span class='ocrx_word' id='word_1_185' title='bbox 915 2989 985 3073; x_wconf 76' lang='grc' dir='ltr'>ἐμοὶ</span> <span class='ocrx_word' id='word_1_186' title='bbox 1016 2988 1052 3052; x_wconf 84' lang='grc' dir='ltr'>δὲ</span> <span class='ocrx_word' id='word_1_187' title='bbox 1079 2991 1166 3073; x_wconf 82' lang='grc' dir='ltr'><em>παρὰ</em></span> <span class='ocrx_word' id='word_1_188' title='bbox 1189 2989 1293 3054; x_wconf 84' lang='grc' dir='ltr'>πάντα</span> <span class='ocrx_word' id='word_1_189' title='bbox 1315 2990 1369 3052; x_wconf 80' lang='grc' dir='ltr'>τὸν</span> 
     </span>
     <span class='ocr_line' id='line_1_26' title="bbox 330 3096 1369 3184; baseline 0 -23"><span class='ocrx_word' id='word_1_190' title='bbox 330 3097 428 3182; x_wconf 77' lang='grc' dir='ltr'>λόγον</span> <span class='ocrx_word' id='word_1_191' title='bbox 462 3096 633 3163; x_wconf 69' lang='lat' dir='ltr'>{laesisset</span> <span class='ocrx_word' id='word_1_192' title='bbox 664 3099 711 3162; x_wconf 81' lang='grc' dir='ltr'>ὅτι</span> <span class='ocrx_word' id='word_1_193' title='bbox 747 3101 786 3162; x_wconf 84' lang='grc' dir='ltr'>τὰ</span> <span class='ocrx_word' id='word_1_194' title='bbox 820 3097 979 3184; x_wconf 80' lang='grc' dir='ltr'>λεγόμενα</span> <span class='ocrx_word' id='word_1_195' title='bbox 1017 3098 1071 3162; x_wconf 77' lang='grc' dir='ltr'>ὑπ’</span> <span class='ocrx_word' id='word_1_196' title='bbox 1105 3097 1250 3164; x_wconf 81' lang='grc' dir='ltr'>ἑκάστων</span> <span class='ocrx_word' id='word_1_197' title='bbox 1285 3099 1369 3182; x_wconf 80' lang='grc' dir='ltr'>ἀκοῇ</span> 
     </span>
     <span class='ocr_line' id='line_1_27' title="bbox 329 3205 1368 3293; baseline 0.003 -25"><span class='ocrx_word' id='word_1_198' title='bbox 329 3205 442 3291; x_wconf 80' lang='grc' dir='ltr'>γράφω</span> <span class='ocrx_word' id='word_1_199' title='bbox 466 3209 515 3288; x_wconf 88' lang='grc' dir='ltr'>(ΙΙ</span> <span class='ocrx_word' id='word_1_200' title='bbox 538 3209 627 3293; x_wconf 80' lang='lat'><strong>123),</strong></span> <span class='ocrx_word' id='word_1_201' title='bbox 650 3213 697 3272; x_wconf 88' lang='lat' dir='ltr'>et:</span> <span class='ocrx_word' id='word_1_202' title='bbox 721 3207 785 3290; x_wconf 84' lang='grc' dir='ltr'>ἐγὼ</span> <span class='ocrx_word' id='word_1_203' title='bbox 809 3206 845 3270; x_wconf 86' lang='grc' dir='ltr'>δὲ</span> <span class='ocrx_word' id='word_1_204' title='bbox 869 3206 986 3291; x_wconf 75' lang='grc' dir='ltr'>ὀφείλω</span> <span class='ocrx_word' id='word_1_205' title='bbox 1010 3206 1114 3292; x_wconf 77' lang='grc' dir='ltr'>λέγειν</span> <span class='ocrx_word' id='word_1_206' title='bbox 1137 3211 1176 3274; x_wconf 83' lang='grc' dir='ltr'>τὰ</span> <span class='ocrx_word' id='word_1_207' title='bbox 1199 3206 1368 3293; x_wconf 79' lang='grc' dir='ltr'>λεγόμενα,</span> 
     </span>
     <span class='ocr_line' id='line_1_28' title="bbox 329 3315 1369 3403; baseline 0.003 -25"><span class='ocrx_word' id='word_1_208' title='bbox 329 3315 501 3381; x_wconf 72' lang='grc' dir='ltr'>πείθεσθαί</span> <span class='ocrx_word' id='word_1_209' title='bbox 529 3338 566 3400; x_wconf 83' lang='grc' dir='ltr'>γε</span> <span class='ocrx_word' id='word_1_210' title='bbox 590 3319 650 3402; x_wconf 81' lang='grc' dir='ltr'>μὴν</span> <span class='ocrx_word' id='word_1_211' title='bbox 681 3318 719 3381; x_wconf 79' lang='grc' dir='ltr'>οὐ</span> <span class='ocrx_word' id='word_1_212' title='bbox 750 3317 933 3382; x_wconf 78' lang='grc' dir='ltr'>παντάπασι</span> <span class='ocrx_word' id='word_1_213' title='bbox 955 3317 1084 3402; x_wconf 78' lang='grc' dir='ltr'>ὀφείλω·</span> <span class='ocrx_word' id='word_1_214' title='bbox 1115 3317 1171 3383; x_wconf 78' lang='grc' dir='ltr'>καί</span> <span class='ocrx_word' id='word_1_215' title='bbox 1199 3340 1252 3403; x_wconf 85' lang='grc' dir='ltr'>μοι</span> <span class='ocrx_word' id='word_1_216' title='bbox 1273 3325 1369 3383; x_wconf 79' lang='grc' dir='ltr'>τοῦτο</span> 
     </span>
     <span class='ocr_line' id='line_1_29' title="bbox 286 3414 1372 3510; baseline 0.003 -24"><span class='ocrx_word' id='word_1_217' title='bbox 286 3414 289 3421; x_wconf 66' lang='grc'><strong>’</strong></span> <span class='ocrx_word' id='word_1_218' title='bbox 329 3425 365 3486; x_wconf 83' lang='grc' dir='ltr'>τὸ</span> <span class='ocrx_word' id='word_1_219' title='bbox 401 3425 477 3500; x_wconf 83' lang='grc' dir='ltr'><strong>ἔπος</strong></span> <span class='ocrx_word' id='word_1_220' title='bbox 510 3425 610 3510; x_wconf 76' lang='grc' dir='ltr'>ἐχέτω</span> <span class='ocrx_word' id='word_1_221' title='bbox 641 3425 673 3501; x_wconf 85' lang='grc' dir='ltr'>ἐς</span> <span class='ocrx_word' id='word_1_222' title='bbox 707 3426 811 3491; x_wconf 78' lang='grc' dir='ltr'><strong><em>πάντα</em></strong></span> <span class='ocrx_word' id='word_1_223' title='bbox 846 3429 901 3491; x_wconf 83' lang='grc' dir='ltr'>τὸν</span> <span class='ocrx_word' id='word_1_224' title='bbox 936 3424 1035 3509; x_wconf 80' lang='grc' dir='ltr'>λόγον</span> <span class='ocrx_word' id='word_1_225' title='bbox 1069 3428 1149 3507; x_wconf 89' lang='lat' dir='ltr'>(VII</span> <span class='ocrx_word' id='word_1_226' title='bbox 1185 3427 1273 3510; x_wconf 85' lang='lat'>152).</span> <span class='ocrx_word' id='word_1_227' title='bbox 1326 3427 1372 3490; x_wconf 88' lang='lat' dir='ltr'>Ut</span> 
     </span>
     <span class='ocr_line' id='line_1_30' title="bbox 331 3536 1371 3622; baseline 0.002 -24"><span class='ocrx_word' id='word_1_228' title='bbox 331 3536 524 3620; x_wconf 89' lang='lat' dir='ltr'>exemplum</span> <span class='ocrx_word' id='word_1_229' title='bbox 540 3537 691 3619; x_wconf 84' lang='lat' dir='ltr'>afferam,</span> <span class='ocrx_word' id='word_1_230' title='bbox 713 3537 754 3601; x_wconf 89' lang='lat' dir='ltr'>K.</span> <span class='ocrx_word' id='word_1_231' title='bbox 778 3537 825 3601; x_wconf 87' lang='lat' dir='ltr'>W.</span> <span class='ocrx_word' id='word_1_232' title='bbox 842 3537 1023 3604; x_wconf 77' lang='lat' dir='ltr'>Nitesclrius</span> <span class='ocrx_word' id='word_1_233' title='bbox 1045 3539 1081 3616; x_wconf 86' lang='lat' dir='ltr'>(l.</span> <span class='ocrx_word' id='word_1_234' title='bbox 1097 3557 1126 3601; x_wconf 87' lang='lat' dir='ltr'>a.</span> <span class='ocrx_word' id='word_1_235' title='bbox 1141 3560 1172 3622; x_wconf 89' lang='lat' dir='ltr'>p.</span> <span class='ocrx_word' id='word_1_236' title='bbox 1189 3539 1268 3615; x_wconf 76' lang='lat'>239)</span> <span class='ocrx_word' id='word_1_237' title='bbox 1292 3557 1371 3602; x_wconf 87' lang='lat' dir='ltr'>oum</span> 
     </span>
     <span class='ocr_line' id='line_1_31' title="bbox 331 3645 1372 3731; baseline 0.002 -23"><span class='ocrx_word' id='word_1_238' title='bbox 331 3647 398 3708; x_wconf 90' lang='lat' dir='ltr'>alia</span> <span class='ocrx_word' id='word_1_239' title='bbox 421 3650 493 3708; x_wconf 91' lang='lat' dir='ltr'>tum</span> <span class='ocrx_word' id='word_1_240' title='bbox 515 3645 599 3710; x_wconf 90' lang='lat' dir='ltr'>baec</span> <span class='ocrx_word' id='word_1_241' title='bbox 623 3645 813 3710; x_wconf 91' lang='lat' dir='ltr'>doctissime</span> <span class='ocrx_word' id='word_1_242' title='bbox 836 3649 1051 3731; x_wconf 81' lang='lat' dir='ltr'>exprompsit,</span> <span class='ocrx_word' id='word_1_243' title='bbox 1073 3650 1107 3710; x_wconf 93' lang='lat' dir='ltr'>in</span> <span class='ocrx_word' id='word_1_244' title='bbox 1130 3647 1372 3731; x_wconf 88' lang='lat' dir='ltr'>posterioribus</span> 
     </span>
    </p>
   </div>
   <div class='ocr_carea' id='block_1_5' title="bbox 330 3817 1373 4060">
    <p class='ocr_par' dir='ltr' id='par_1_5' title="bbox 330 3817 1373 4060">
     <span class='ocr_line' id='line_1_32' title="bbox 436 3817 1373 3885; baseline 0.003 -18"><span class='ocrx_word' id='word_1_245' title='bbox 436 3818 456 3884; x_wconf 85' lang='lat'>¹]</span> <span class='ocrx_word' id='word_1_246' title='bbox 484 3817 602 3868; x_wconf 87' lang='lat' dir='ltr'>conferri</span> <span class='ocrx_word' id='word_1_247' title='bbox 620 3821 737 3885; x_wconf 86' lang='lat' dir='ltr'>possunt</span> <span class='ocrx_word' id='word_1_248' title='bbox 756 3833 788 3870; x_wconf 90' lang='lat' dir='ltr'>ea</span> <span class='ocrx_word' id='word_1_249' title='bbox 805 3833 877 3885; x_wconf 90' lang='lat' dir='ltr'>quae</span> <span class='ocrx_word' id='word_1_250' title='bbox 895 3817 1087 3871; x_wconf 84' lang='lat' dir='ltr'>disseruerunt</span> <span class='ocrx_word' id='word_1_251' title='bbox 1104 3821 1140 3872; x_wconf 88' lang='lat' dir='ltr'>N.</span> <span class='ocrx_word' id='word_1_252' title='bbox 1167 3819 1293 3871; x_wconf 81' lang='lat' dir='ltr'>Wecklein</span> <span class='ocrx_word' id='word_1_253' title='bbox 1312 3817 1331 3870; x_wconf 93' lang='lat' dir='ltr'>l.</span> <span class='ocrx_word' id='word_1_254' title='bbox 1349 3833 1373 3870; x_wconf 89' lang='lat' dir='ltr'>a.</span> 
     </span>
     <span class='ocr_line' id='line_1_33' title="bbox 330 3903 1373 3975; baseline 0 -19"><span class='ocrx_word' id='word_1_255' title='bbox 330 3920 357 3972; x_wconf 91' lang='lat' dir='ltr'>p.</span> <span class='ocrx_word' id='word_1_256' title='bbox 376 3903 400 3972; x_wconf 81' lang='lat'>7,</span> <span class='ocrx_word' id='word_1_257' title='bbox 421 3909 448 3954; x_wconf 87' lang='lat' dir='ltr'>et</span> <span class='ocrx_word' id='word_1_258' title='bbox 466 3905 613 3957; x_wconf 78' lang='lat' dir='ltr'>Ambrosius</span> <span class='ocrx_word' id='word_1_259' title='bbox 632 3905 719 3971; x_wconf 60' lang='lat' dir='ltr'>Mam,</span> <span class='ocrx_word' id='word_1_260' title='bbox 745 3903 878 3975; x_wconf 79' lang='lat' dir='ltr'>Herodot,</span> <span class='ocrx_word' id='word_1_261' title='bbox 902 3922 923 3958; x_wconf 90' lang='lat' dir='ltr'>e.</span> <span class='ocrx_word' id='word_1_262' title='bbox 945 3905 1166 3973; x_wconf 79' lang='lat' dir='ltr'>literaturgesch.</span> <span class='ocrx_word' id='word_1_263' title='bbox 1192 3905 1299 3974; x_wconf 80' lang='lat' dir='ltr'>Studio,</span> <span class='ocrx_word' id='word_1_264' title='bbox 1318 3903 1373 3956; x_wconf 88' lang='lat' dir='ltr'>Ko-</span> 
     </span>
     <span class='ocr_line' id='line_1_34' title="bbox 332 3989 804 4060; baseline 0.002 -18"><span class='ocrx_word' id='word_1_265' title='bbox 332 3994 433 4060; x_wconf 73' lang='lat' dir='ltr'>maten²</span> <span class='ocrx_word' id='word_1_266' title='bbox 453 3989 520 4042; x_wconf 82' lang='lat' dir='ltr'>Saaz</span> <span class='ocrx_word' id='word_1_267' title='bbox 539 4007 565 4043; x_wconf 88' lang='lat' dir='ltr'>u.</span> <span class='ocrx_word' id='word_1_268' title='bbox 585 3991 707 4060; x_wconf 80' lang='lat' dir='ltr'>Keaden,</span> <span class='ocrx_word' id='word_1_269' title='bbox 730 3990 804 4044; x_wconf 77' lang='lat'>1877.</span> 
     </span>
    </p>
   </div>
   <div class='ocr_carea' id='block_1_6' title="bbox 0 0 1603 4884">
    <p class='ocr_par' dir='ltr' id='par_1_6' title="bbox 0 0 1603 4884">
     <span class='ocr_line' id='line_1_35' title="bbox 0 0 1603 4884; baseline 0 0"><span class='ocrx_word' id='word_1_270' title='bbox 0 0 1603 4884; x_wconf 95' lang='lat' dir='ltr'> </span> 
     </span>
    </p>
   </div>
  </div>
 </body>
</html>
