3176 4886
740 313 781 372 15

687 399 842 414 ...η-.-

242 485 328 548 ficet.
370 483 464 547 Idem
483 481 610 546 iudicat
626 482 664 546 L.
682 451 902 548 attributus
914 483 946 567 ¹),
969 484 1026 566 qui
1054 483 1091 562 (l.
1105 503 1133 548 a.
1157 503 1187 565 p.
1204 484 1283 565 276]

244 593 339 657 dicit:
361 612 430 657 vox
454 611 542 677 quae
565 597 614 656 est
637 590 734 676 λόγος
750 593 840 676 apud
857 593 1065 658 Herodotum
1086 593 1191 657 ullam
1216 612 1284 658 eer-

244 710 310 766 tam
333 739 377 749 —
402 703 457 766 vel
485 707 520 764 ut
548 701 705 786 equidem
732 702 847 767 dicere
874 704 999 788 malim,
1033 705 1217 788 principem
1241 737 1286 750 —-

242 813 515 894 significationem
539 830 605 876 non
621 812 739 892 habet3
761 813 929 898 significat
948 813 1036 877 enim
1059 813 1285 878 narrationem

242 924 295 986 vel
328 919 523 986 retationem
555 922 695 987 alieuius
725 923 773 985 rei
805 926 919 1005 gestae
948 921 1004 984 vel
1034 921 1197 1005 libellum,
1226 921 1285 1004 qui

240 1033 368 1123 positus
387 1035 435 1096 est
453 1032 487 1095 in
502 1032 755 1116 narrationibus,
770 1028 887 1115 λόγοις,
901 1031 1045 1096 aliorum
1060 1032 1283 1116 quorundam.

347 1142 394 1206 Ut
415 1143 518 1225 igitur
540 1143 656 1225 paucis
675 1143 834 1226 colligam
856 1147 889 1206 et
910 1143 1103 1208 summatim
1125 1148 1285 1227 repetam,

243 1251 335 1335 quod
357 1271 400 1316 ex
425 1252 492 1318 illis
517 1270 637 1335 parum
663 1258 822 1317 accurate
855 1253 997 1318 definitis
1032 1252 1130 1337 locis,
1163 1253 1284 1335 quibus

243 1364 397 1428 universe
419 1364 460 1428 ad
483 1383 587 1449 supra
607 1366 675 1429 iam
702 1364 791 1429 dicta
814 1382 1024 1449 revocamur,
1057 1364 1141 1430 mihi
1166 1369 1282 1448 patere

245 1471 389 1557 videtur,
422 1491 557 1554 prorsus
586 1493 708 1556 negare
742 1475 866 1559 ausim,
899 1473 1084 1559 quidquam
1117 1492 1189 1538 esse
1224 1492 1284 1538 eur

244 1580 406 1647 Herodoti
434 1582 598 1666 historias,
629 1583 822 1664 priusquam
856 1585 1118 1648 retractarentur
1148 1585 1180 1645 et
1210 1599 1284 1646 eon-

166 1771 169 1776 ·
245 1689 470 1774 iungerentur,
499 1691 698 1772 corpuscula
725 1690 869 1754 interae
894 1694 1047 1772 separata
1071 1690 1173 1753 fuisse
1197 1689 1282 1753 arbi·

244 1805 377 1863 tremnr.
422 1799 456 1863 Si
487 1801 574 1864 enim
598 1801 787 1864 huiusmodi
811 1799 909 1886 locos,
940 1805 975 1864 ut
998 1805 1059 1863 τῶν
1082 1835 1126 1845 -
1149 1795 1283 1882 ἑτέρωθι

242 1916 299 1972 τοῦ
322 1907 423 1994 λόγου
447 1907 570 1993 μνήμην
590 1907 787 1994 ἐποιησάμην
807 1908 967 1984 πολλάκις
989 1910 1055 1988 (VI
1075 1909 1140 1993 19),
1162 1907 1283 1992 quibus

244 2021 356 2084 verbis
378 2025 504 2102 spectat
523 2019 712 2086 Herodotus
735 2020 778 2085 ad
802 2039 843 2085 ea
867 2039 954 2105 quae
976 2019 1133 2083 dicuntur
1155 2020 1189 2081 in
1207 2018 1223 2082 Ι
1243 2017 1284 2081 92

248 2133 281 2190 et
305 2127 376 2213 157,
397 2130 442 2192 ΙΙ·
456 2131 528 2216 159,
551 2132 582 2198 V
605 2132 656 2216 36,
678 2132 733 2196 vel
756 2129 798 2206 ὡς
827 2130 884 2221 uod
905 2128 1060 2213 πρότερον
1091 2148 1144 2213 μοι
1166 2127 1285 2212 εἴρηται

248 2237 313 2316 (IV
338 2237 381 2323 1),
403 2259 490 2323 qnae
512 2242 617 2306 verba
638 2242 828 2311 referuntur
855 2241 898 2305 ad
921 2241 938 2303 I
961 2240 1024 2304 103
1044 2245 1076 2304 et
1092 2241 1165 2324 106,
1189 2239 1287 2304 alios-

249 2365 316 2431 que
336 2349 459 2415 iudicio
482 2339 712 2437 expendimus,
742 2352 774 2416 ei
796 2353 858 2433 ipsi
881 2369 942 2436 per
963 2371 999 2416 se
1027 2352 1096 2414 iam
1119 2355 1192 2414 tum
1215 2359 1287 2414 esse

245 2459 359 2540 scripti
389 2459 552 2546 videntur,
585 2481 663 2525 oum
697 2465 827 2546 purtem
863 2462 916 2525 cui
944 2480 1033 2524 nunc
1060 2460 1175 2524 inserti
1203 2463 1287 2542 sunt,

245 2567 391 2648 primum
410 2571 638 2635 conscribebat
656 2570 858 2656 Herodotus,
876 2588 941 2634 non
959 2575 1031 2633 tum
1046 2568 1191 2651 demum,
1210 2586 1284 2631 cnm

246 2693 329 2761 opus
358 2697 456 2742 suum
484 2679 554 2742 iam
585 2682 769 2764 perfectum
801 2681 1012 2744 retractabat.
1056 2678 1110 2742 Sic
1140 2677 1229 2762 enirn
1258 2675 1287 2738 si

245 2805 298 2853 res
321 2805 357 2853 se
378 2788 527 2875 haberet,
554 2789 694 2855 dubium
724 2795 867 2875 nonest,
897 2795 933 2853 ut
962 2791 1024 2853 hoc
1054 2788 1157 2853 etiam
1185 2792 1286 2869 atque

247 2898 349 2962 etiam
381 2898 507 2986 dicam,
551 2903 630 2985 quin
670 2903 803 2987 planius
838 2901 1093 2983 expressiusque
1133 2896 1286 2960 dicturus

247 3007 355 3072 fuerit

350 3118 414 3184 Sed
437 3120 530 3185 alind
554 3119 1133 3206 quoqueinde(V119)perspicne
1156 3116 1285 3200 liquere
1312 3119 1314 3122 ’

246 3233 342 3313 puto:
372 3229 462 3312 quod
490 3232 680 3296 enimcum
710 3232 769 3296 alii
795 3235 867 3295 tum
891 3230 930 3294 A.
953 3229 1102 3292 Bauerus
1132 3227 1186 3305 (cf.
1215 3224 1235 3288 l.
1258 3244 1287 3290 a.

246 3360 277 3423 p.
298 3338 351 3424 46,
371 3340 423 3423 41,
447 3341 678 3426 58,135,136)
702 3359 746 3404 ex
769 3357 808 3404 eo
832 3338 1088 3426 (16011611οοί65
1110 3337 1161 3400 rei
1182 3335 1285 3418 pluri-

245 3450 308 3514 bus
341 3448 422 3514 locis
455 3452 577 3514 mentio
611 3450 714 3531 fieret,
747 3448 982 3513 concluserunt
1009 3462 1286 3529 unumquemque
1401 3443 1404 3448 “

246 3547 366 3621 horum
389 3559 537 3622 locorum
552 3561 681 3624 ratione
704 3558 849 3622 aliorum
864 3576 929 3623 non
953 3555 1070 3621 habita
1091 3556 1201 3640 ipsum
1224 3569 1283 3634 per

245 3667 466 3752 rescriptum
492 3687 563 3734 esse
586 3670 728 3752 eogitari
757 3686 891 3734 neeesse
917 3685 998 3751 esse,
1028 3667 1092 3731 hoc
1114 3663 1194 3748 ipsis
1217 3661 1285 3725 illis

245 3777 407 3844 Herodoti
430 3780 540 3845 verbis
559 3781 701 3844 refutari
723 3797 850 3864 censeo,
880 3797 958 3842 cnm
982 3777 1095 3842 exeis
1122 3774 1287 3856 appareat

278 4057 285 4068 .
351 4019 370 4087 ¹)
407 4017 539 4072 Zeitsohr.
563 4019 582 4075 i.
601 4021 697 4071 beterr.
716 4016 895 4086 Gymnasien,
920 4015 960 4068 27.
983 4011 1089 4082 ὖολιος,
1113 4027 1140 4081 p.
1158 4011 1210 4064 273
1227 4024 1288 4078 sqq.
