3176 4886
830 343 852 404 4

417 511 461 574 At
495 491 534 575 A.
576 511 778 597 Kirclrhofflo
820 519 1036 578 occurrerunt
1078 518 1224 580 nonnulli
1264 521 1354 602 iique

314 621 402 684 docti
418 625 450 684 et
466 620 587 684 eruditi
604 622 669 684 viri
684 625 743 705 qni
759 623 918 709 dicerent,
934 643 1009 688 eum
1024 625 1183 689 Herodoti
1199 607 1353 692 historias

313 731 578 809 perscrutantem
601 732 779 813 sumpsisse
802 733 893 816 (quod
915 735 1003 797 sumi
1016 721 1205 819 Areqniret3
1228 755 1353 820 nequa·

314 858 416 921 quam
451 841 538 902 enim
569 842 752 906 verisimile
786 862 865 928 esse,
899 845 1108 909 Herodotum
1143 847 1244 911 libros
1276 866 1352 910 suos

313 947 430 1014 eodem
465 951 524 1032 qui
561 971 648 1014 nunc
682 957 831 1016 exstaret
864 953 982 1018 ordine
1016 957 1213 1032 exaravisse
1227 956 1262 1036 ¹).
1306 957 1351 1020 M.

313 1055 533 1141 Buedc‘uperus
545 1055 572 1138 ²)
596 1059 733 1141 quidem
750 1065 859 1125 censet
875 1063 911 1141 (l.
927 1081 956 1126 a.
976 1067 991 1139 §
1011 1062 1054 1147 1),
1076 1063 1162 1127 illud
1183 1065 1222 1128 A.
1238 1064 1353 1129 Kircb·

312 1164 403 1253 hpffli
416 1166 444 1229 si
459 1168 565 1231 secuti
577 1169 689 1254 simus,
704 1187 768 1234 non
781 1173 934 1235 continuo
946 1172 1154 1236 Herodotum
1171 1177 1353 1254 posteriore

312 1281 461 1358 tempore
484 1279 578 1358 operi
603 1297 663 1343 suo
694 1280 879 1363 quidquam
909 1281 1084 1366 addidisse,
1114 1284 1211 1347 nobis
1234 1305 1352 1366 negan-

313 1385 393 1448 dum
421 1387 510 1470 fore,
539 1375 646 1470 atque
672 1389 804 1453 initium
834 1390 915 1454 libri
938 1391 1002 1458 VII
1033 1393 1059 1456 si
1091 1394 1226 1458 intentis
1250 1396 1352 1457 oculis

311 1495 421 1560 intuiti
443 1497 556 1582 simus,
578 1499 806 1564 intellecturos
829 1519 887 1564 nos
907 1519 988 1586 esse,
1011 1503 1090 1567 inde
1105 1521 1227 1568 novam
1241 1520 1353 1588 'qnan-

312 1606 390 1669 dam
413 1625 525 1670 rerum
548 1600 775 1672 narrationem
798 1610 965 1694 exordiri,
991 1609 1152 1677 accedere
1171 1613 1263 1697 qnod
1286 1632 1352 1679 non

311 1715 487 1799 probabile
510 1733 583 1780 esse
604 1715 762 1780 videatur
785 1720 822 1798 (l.
841 1738 870 1782 a.
893 1721 969 1798 52),
994 1719 1157 1802 Herodoti
1180 1740 1264 1805 opus
1288 1726 1352 1804 pri-

311 1845 403 1888 mum
426 1827 459 1888 iu
482 1824 626 1889 eundem
650 1828 708 1908 qui
730 1828 824 1892 nobis
841 1829 980 1892 traditus
996 1830 1038 1891 sit
1061 1829 1213 1892 ordinem
1237 1829 1352 1892 redac-

312 1938 383 1999 tum
412 1936 447 1999 in
469 1937 580 2001 lucem
604 1937 734 2001 editum
759 1955 847 2020 esse,
874 1937 1019 2020 denique
1043 1938 1196 2001 historias
1220 1938 1351 2020 Acgyp-

311 2047 414 2110 tiacas
436 2048 526 2131 ipsas
548 2065 609 2132 per
630 2065 665 2112 sc
688 2065 806 2128 corpus
829 2048 970 2132 efficere,
997 2046 1088 2130 quod
1111 2066 1180 2131 quo
1203 2053 1352 2130 tempore

312 2157 375 2219 toti
397 2158 492 2241 operi
515 2157 708 2221 adiunctum
731 2159 781 2241 sit,
811 2158 1018 2240 argumentis
1042 2158 1264 2222 demonstrari
1286 2177 1351 2223 non

311 2265 421 2346 possit.
466 2265 537 2328 Irno
552 2283 633 2330 vero
648 2266 751 2328 etiam
767 2265 806 2330 A.
822 2264 1008 2345 Bauerus³)
1030 2271 1062 2330 et
1085 2266 1116 2330 0.
1133 2265 1314 2332 Hortarius
1323 2265 1352 2346 ⁴]

312 2375 518 2456 argumentis
533 2375 677 2457 probare
693 2375 901 2461 studuerunt,
924 2375 1132 2440 Herodotum
1156 2377 1352 2460 priusquam

312 2502 396 2566 opus
412 2482 504 2567 quod
521 2501 579 2547 nos
596 2483 795 2548 haberemus
812 2485 968 2565 perficere
983 2485 1183 2569 instituisset,
1204 2484 1352 2566 singulas

312 2593 467 2658 historias
503 2611 590 2675 quae
618 2595 703 2657 inter
734 2593 770 2657 se
803 2596 981 2678 separatae
1007 2599 1122 2658 ,essent
1154 2595 1353 2677 conscriptas

312 2701 478 2785 habuisse,
510 2719 596 2784 quae
627 2720 702 2764 cum
733 2700 874 2768 diversis
896 2701 1113 2786 temporibus
1148 2705 1220 2763 tum
1254 2701 1353 2783 longe

313 2810 379 2875 alio
401 2829 440 2875 ac
465 2814 522 2894 qui
545 2831 631 2874 nunc
653 2816 802 2876 exstaret
833 2812 950 2877 ordine
982 2816 1170 2896 conceptae,
1198 2830 1273 2874 cnm
1297 2832 1353 2896 po·

312 2917 451 2983 stericre
474 2924 621 3000 tempore
645 2920 876 3003 redigerentur
899 2923 934 2984 in
956 2939 1060 2983 unum
1083 2937 1175 3004 opus,
1198 2923 1353 2984 retraeta-

311 3033 426 3092 reutur
455 3046 565 3112 neque
595 3033 707 3092 tamen
726 3031 783 3093 ¹ita
805 3028 995 3114 diligenter,
1025 3033 1150 3092 utnon
1173 3029 1287 3092 multis
1311 3046 1354 3091 ex

312 3138 395 3202 locis
417 3157 473 3202 eas
496 3141 668 3222 superiore
690 3144 842 3224 ternpore
871 3139 960 3222 ipsas
982 3133 1042 3222 pe'r
1065 3157 1100 3202 se
1130 3138 1263 3220 singula
1285 3155 1354 3200 cor-

183 3233 185 3240 ’
258 3230 273 3300 l
311 3248 453 3329 pnscnla
482 3247 630 3313 effecisse
658 3249 756 3313 facile
788 3265 990 3332 cognoscere
1017 3265 1136 3331 posses.
1180 3245 1291 3328 Atque
1313 3246 1353 3309 A.

263 3301 272 3382 i

418 3481 435 3548 ¹)
471 3480 503 3532 cf.
520 3483 556 3532 N.
580 3482 713 3549 Wecklein,
736 3479 782 3533 ub.
802 3480 828 3533 d.
846 3479 993 3533 Tradition
1015 3478 1042 3531 d.
1059 3476 1262 3543 Perserkriege,
1281 3472 1354 3526 Abh.

312 3571 338 3624 d.
350 3571 377 3624 k.
389 3571 438 3624 Ac.
452 3571 478 3624 d.
490 3570 758 3640 Wiss.i.Mi'1nehen,
776 3570 844 3640 phil.
857 3571 920 3626 hist.
933 3569 981 3638 Ol,
999 3567 1084 3636 1876,
1102 3564 1354 3634 Separetabdruclr,

312 3680 337 3732 p.
355 3663 389 3716 33
408 3680 471 3716 ann.

415 3759 435 3825 ἵ)
471 3757 528 3810 Zur
551 3759 643 3826 egypt.
667 3755 830 3824 Forschung
855 3752 1001 3807 Herodots.
1020 3781 1055 3793 -
1078 3749 1218 3804 Sita-Ber.
1236 3750 1262 3804 d.
1280 3751 1308 3803 k.
1326 3752 1354 3803 k.

312 3852 361 3905 Ac.
379 3851 405 3906 d.
423 3852 504 3906 Wiss.
528 3867 563 3903 nu
580 3849 672 3920 Wien,
697 3849 765 3918 phil.
784 3848 849 3902 hist.
868 3846 916 3916 ol,
940 3845 981 3898 72.
1000 3845 1058 3914 Bd,
1079 3860 1104 3912 p.
1123 3842 1174 3896 563
1192 3857 1260 3912 sqq,
1278 3842 1354 3894 1873.

416 3947 436 4011 ⁸)
472 3943 525 3997 Die
533 3942 710 4012 Entstehung
722 3940 886 3996 d.Herodot.
894 3937 1175 4004 (leschichtswerkes,
1187 3935 1269 3987 Wicn
1278 3933 1354 3986 1878.

378 4025 385 4038 ’
416 4040 436 4108 ⁴)
472 4037 514 4090 De
531 4037 668 4091 Herodoti
685 4034 831 4090 itineribus
849 4037 877 4088 et
894 4033 1012 4102 scriptis,
1031 4031 1095 4085 diss.
1113 4029 1264 4096 Gottingae
1276 4026 1356 4082 1878.
